2005 2616
723 223 914 252 -7-

84 306 187 338 video.
209 323 252 330 —-
274 305 340 337 Nec
369 317 399 337 v.
430 308 492 339 556
522 316 597 336 cum
627 305 785 337 Turnebo
813 317 874 349 pro
911 305 1060 337 omnium
1089 305 1252 337 librorum
1279 305 1416 338 lectione
1445 306 1558 349 (μονὴν

84 357 280 399 ΙΙαρνησίδα
303 356 432 398 οἴσομεν
454 361 538 388 recte
560 355 680 398 ’ἥσομεν
702 358 884 399 repositum
909 362 966 395 est,
997 367 1100 398 quum
1129 356 1210 387 illud
1232 356 1298 398 jam
1322 367 1352 388 v.
1376 358 1438 389 574
1460 358 1557 398 γλῶσ·

82 418 146 439 σαν
168 410 277 451 ([έρειν
298 408 373 438 satis
396 412 537 438 tueatur.
559 425 602 430 --
625 418 654 438 v.
678 410 738 440 871
765 409 803 438 G.
827 409 864 438 A.
888 408 927 438 R.
955 413 1040 438 recte
1069 408 1297 448 πεπληγμένος,
1332 408 1420 449 quod
1446 407 1554 439 Turn.

83 458 117 488 in
139 458 360 498 πεπληγμενης
381 458 530 496 mutavit,
554 457 628 498 quia
651 456 762 499 αὐχήν,
784 469 849 499 quo
872 456 1026 497 refertur,
1050 468 1090 488 ex
1113 457 1246 488 Aldinae
1270 468 1380 489 errore
1402 455 1506 499 ἆρχην
1524 458 1559 488 in

84 505 168 549 ι’ἔρχη
188 507 475 538 emendaverat.—
488 519 518 539 v.
535 511 596 540 919
616 509 655 539 G.
672 510 709 539 A.
725 509 762 539 R.
782 511 880 540 στένω
894 510 961 549 μὲν,
984 508 1072 549 quod
1084 507 1310 539 Blomlieldius
1324 509 1424 539 nescit
1438 519 1476 539 an
1492 518 1559 539 non

82 559 125 590 sit
146 558 398 601 repudiandum,
427 558 510 589 mihi
533 558 679 600 vulgatae
709 562 869 599 στένωμεν
896 558 992 600 longe
1019 558 1271 600 praeferendum
1301 559 1445 597 videtur,
1483 559 1560 600 quia

84 608 213 640 Chorus
242 609 276 639 in
299 609 446 650 sequenti
476 609 596 640 cantico
626 620 830 650 nequaquam
864 609 952 639 dolet
981 609 1020 640 de
1051 609 1327 651 Clytaemnestrae
1357 614 1388 640 et
1416 608 1561 650 Aegisthi

83 659 188 690 caede.
233 659 346 690 Simile
369 660 580 701 prooemium
604 659 703 690 ebori
727 660 815 702 Sept.
840 670 869 690 v.
893 662 956 692 804
979 670 1066 700 seqq.
1098 659 1153 690 ubi
1176 670 1280 700 quum
1309 659 1428 690 chorus
1462 659 1562 690 dubi·-

86 715 141 748 tet,
166 714 278 740 utrum
301 710 436 751 gaudeat
459 721 498 741 an
522 709 638 749 doleat,
661 710 695 740 in
718 710 789 752 ipso
813 710 934 741 cantico
957 709 1038 740 nihil
1061 710 1124 740 nisi
1146 709 1351 741 lamentatur.
1386 710 1562 741 Turnebus

85 760 227 792 offensus
249 761 378 792 videtur
398 766 525 791 mutato
548 771 687 791 numero
712 761 745 791 in
767 759 963 802 (αἰρυιῆιιειἿ-α,
996 771 1181 802 quanquam
1211 771 1246 791 ea
1268 761 1351 791 ratio
1373 771 1441 791 non
1469 760 1561 791 inso-

87 811 144 842 lita
165 810 204 842 cf.
221 811 336 854 Suppl.
359 822 391 843 V.
414 814 466 843 42.
490 812 542 850 48,
567 811 636 852 (ubi
661 811 771 842 eadem
796 811 834 842 de
857 822 948 841 causa
971 811 1180 854 emendavit),
1203 810 1283 841 Eur.
1305 811 1407 842 Andr.
1430 821 1461 842 v.
1487 812 1559 843 142.

193 861 308 904 Suppl.
331 864 394 894 463
417 862 463 893 M.
488 862 526 892 G.
551 863 588 893 A.
612 861 651 892 R.
674 863 728 893 καὶ
750 858 815 902 μὴν
835 862 981 902 πολλαχῆ
1001 862 1077 902 Reg.
1091 862 1128 892 L.
1141 862 1194 892 καὶ
1207 863 1267 902 μὲν
1281 861 1351 892 edd.
1366 866 1441 902 post
1455 861 1562 892 Turn.

86 913 141 944 καὶ
162 913 309 954 πολλαχῆ
330 924 364 953 γε
388 913 482 943 metri
506 923 615 950 causa3
639 911 765 943 facilius
789 918 897 942 tamen
918 913 973 943 καὶ
996 912 1143 952 πολλαχῆ
1162 908 1284 952 „mlv-*⁸*
1300 911 1439 942 Eumen.
1454 921 1484 942 v.
1500 914 1563 943 973

87 974 104 994 e
128 963 169 994 G.
192 964 229 994 A.
253 963 292 994 R.
322 974 460 1005 reponas
488 961 697 1003 εὐσεβοῦντες
726 973 788 1004 pro
820 961 947 1003 vulgata
977 957 1009 993 εὖ
1031 962 1206 1002 σέβοντας
1233 960 1274 992 cs.
1306 962 1344 992 de
1372 959 1511 1002 εὐσεβεῖν
1538 971 1565 992 c.

87 1025 150 1044 ace.
174 1014 232 1055 Ag.
256 1016 319 1045 329
343 1019 373 1045 et
396 1025 478 1055 quos
501 1013 545 1044 ibi
570 1012 670 1043 well.
692 1012 810 1049 laudat,
843 1012 963 1054 quibus
994 1011 1073 1043 adde
1104 1011 1203 1043 Seidl.
1232 1012 1271 1043 ad
1298 1011 1421 1043 Troad.
1451 1022 1480 1043 v.
1512 1012 1565 1043 85.

87 1064 184 1095 Eum.
206 1075 236 1095 v.
261 1066 324 1096 976
346 1065 478 1105 Πέμψω
502 1075 534 1095 τε
556 1066 659 1107 ιμ’)’γη
683 1069 758 1106 post
779 1063 972 1094 Turnebum
995 1073 1126 1100 omnes;
1168 1062 1276 1093 multo
1304 1062 1440 1101 melius,
1477 1061 1567 1103 quod

88 1115 244 1158 praebent
268 1114 308 1145 G.
331 1116 368 1145 A.
391 1115 430 1145 R.
453 1117 581 1159 ([έγγεη
616 1113 679 1144 hoc
703 1114 791 1144 enim
813 1113 961 1145 Minerva
984 1113 1088 1144 dicere
1111 1111 1193 1152 vult,
1217 1124 1250 1143 se
1267 1112 1463 1144 Eumenides
1482 1112 1567 1143 lam-

89 1165 211 1209 padum
234 1165 359 1196 lumine
381 1165 441 1195 sub
465 1170 585 1195 terram
609 1164 808 1195 deduc-endas
831 1174 952 1194 curare.
1017 1163 1065 1195 De
1088 1163 1330 1194 constructione
1353 1162 1395 1194 cf.
1422 1163 1510 1194 Pers.
1534 1173 1564 1193 v.

92 1219 174 1249 1032
195 1219 315 1256 πέμψω
339 1216 391 1246 τοί
412 1226 446 1247 σε
467 1213 645 1256 δυσθρόοις
665 1213 763 1255 γόοις.

195 1265 381 1296 Victorium
405 1276 536 1306 quoque
559 1265 686 1307 saepius
709 1276 726 1295 a
748 1264 911 1295 librorum
933 1264 1123 1295 auctoritate
1143 1264 1212 1295 sine
1235 1263 1318 1305 justa
1337 1274 1429 1295 causa
1448 1264 1567 1295 disces-

89 1318 177 1357 sisse,
200 1317 326 1358 optime
349 1315 541 1357 intelligitur
564 1316 597 1346 in
620 1327 654 1346 ea
677 1315 928 1356 Agamemnonis
956 1320 1065 1357 parte,
1109 1314 1146 1346 ad
1179 1326 1277 1356 quam
1306 1314 1461 1346 edendam
1491 1325 1568 1345 eum

90 1368 190 1399 nullis
212 1367 274 1398 nisi
296 1365 482 1397 Florentino
503 1372 533 1398 et
555 1365 748 1397 Farnesiauo
771 1365 924 1397 subsidiis
947 1376 1043 1396 usum
1062 1376 1129 1396 csse
1148 1365 1325 1396 certissime
1345 1365 1568 1396 demonstrare

90 1420 175 1450 licet.
219 1411 268 1449 Ita
289 1428 320 1448 v.
343 1420 407 1449 474
429 1417 515 1458 quod
539 1417 585 1448 Fl.
609 1416 662 1448 Fa.
686 1418 719 1457 (a
741 1416 843 1447 Well.
866 1415 1016 1458 neglecti)
1035 1415 1190 1458 praebent
1209 1414 1495 1457 γιψαικογήρυτον,
1520 1420 1569 1446 te-

91 1480 182 1501 mere
204 1468 340 1500 omnino
365 1479 382 1498 a
407 1468 549 1498 Victorio
572 1468 607 1498 in
629 1466 923 1509 γυναικοκήρκκτον
944 1471 1108 1497 mutatum
1131 1472 1188 1497 est.
1212 1485 1254 1489 —
1285 1476 1315 1496 v.
1341 1466 1422 1498 1354
1445 1465 1492 1496 Fl.
1516 1464 1567 1496 Fa.

92 1522 150 1552 Ve.
178 1519 358 1550 rectissime
386 1517 428 1555 ὡς
455 1517 535 1559 μήτε
563 1517 692 1562 ‹senfin›
719 1515 789 1558 μήτ’
822 1515 1019 1558 ἀμύνασθαι
1050 1516 1163 1558 μόρον,
1185 1517 1242 1547 ubi
1266 1516 1349 1546 Yict.
1380 1514 1568 1556 ἀμύνεσθαι

92 1576 228 1614 propter
249 1580 400 1612 praesens
423 1568 551 1613 ([εύγειν
574 1569 678 1606 dedit3
707 1573 740 1598 at
762 1572 886 1598 constat
908 1566 1037 1611 ([εύγειν
1058 1566 1194 1609 perfecti
1223 1567 1290 1597 vim
1319 1566 1439 1597 habere
1470 1571 1502 1597 et
1532 1563 1570 1597 τὸ

91 1620 278 1663 ἀμύνεσθαι
295 1630 348 1651 res
368 1625 415 1650 est
429 1619 524 1649 unius
545 1618 717 1650 momenti.
739 1635 782 1640 ——
804 1628 834 1648 v.
860 1618 941 1649 1645
966 1617 1011 1648 Fl.
1034 1617 1087 1649 Fa.
1110 1618 1273 1658 Δαίμονος
1284 1617 1365 1661 χηλῇ
1382 1616 1500 1658 βαρείᾳ
1520 1617 1568 1648 δι’·

92 1672 216 1713 στυχῶς
237 1671 460 1711 πεπληγμένοι,
482 1671 511 1700 V
514 1669 566 1700 iet.
587 1670 677 1714 χολῇ,
716 1678 902 1710 quanquam
925 1667 1009 1699 illud
1032 1673 1064 1699 ct
1089 1667 1282 1710 metaphora
1316 1666 1569 1710 praeferendum

93 1727 125 1754 et
146 1721 252 1765 aptius
275 1720 377 1752 verbo
399 1721 614 1761 πεπληγμένοι
636 1719 677 1751 cf.
700 1719 788 1750 Pers.
811 1729 841 1750 v.
865 1720 946 1751 507:

238 1767 279 1804 Ὦ
301 1769 478 1809 δυσπόνητε
500 1772 627 1812 δαῖμον,
650 1769 693 1807 ιὸς
714 1766 801 1811 ἄγαν
821 1768 924 1811 βαρύς

244 1822 361 1854 ποδοῖν
382 1820 513 1860 ἐνήλλου
535 1822 635 1852 παντὶ
657 1821 808 1861 Περσικῷ
829 1822 918 1861 γένει.

200 1872 330 1904 Scholia
343 1871 586 1903 Robortelliana
599 1882 693 1913 saepe
713 1870 958 1902 emendantibus
978 1874 1101 1900 rectam
1115 1869 1200 1901 viam
1217 1873 1454 1908 monstrarunt,
1477 1879 1572 1911 saepe

94 1923 337 1956 emendationes
361 1921 555 1954 confirmant
577 1927 613 1953 ut
636 1921 784 1963 Choeph.
808 1932 838 1952 v.
863 1923 925 1953 317
947 1919 1113 1951 Erfurdtii
1141 1919 1360 1962 conjecturam
1383 1917 1574 1962 ἀντίμοιρον

94 1973 309 2017 explicatione
338 1983 524 2016 quanquam
552 1971 632 2004 salsa
665 1970 824 2010 ἐνάντιον,
852 1976 908 2003 aut
933 1970 1111 2003 meliorum
1136 1970 1299 2002 librorum
1332 1970 1507 2001 lectionem
1534 1974 1574 2001 ut
