2005 2616
1072 174 1263 203 -2-

434 259 606 300 quisquam
630 262 772 288 accurate
796 257 835 288 de
858 256 1047 298 cujusquam
1073 257 1260 287 auctoritate
1283 257 1485 297 quaesiverit,
1510 257 1612 288 varias
1634 258 1780 288 codicum
1804 257 1902 288 fami-

435 310 493 340 lias
516 309 702 339 distinxerit
733 313 764 339 et
794 318 875 348 quae
896 312 1060 349 praeterea
1083 307 1120 337 ad
1145 306 1302 347 judicium
1327 307 1522 338 firmandum
1546 319 1628 350 opus
1651 314 1737 346 sunt,
1761 312 1797 338 ut
1820 307 1904 338 haud

436 370 554 402 paucae
585 360 616 389 in
643 364 744 395 textu,
775 369 873 399 quem
902 358 1023 395 dicunt,
1050 357 1256 398 reperiamur
1283 356 1446 396 lectiones,
1468 368 1546 398 quas
1569 358 1769 400 conjecturas
1793 369 1907 399 easque

437 410 487 441 vel
511 409 611 440 malas
641 409 691 440 vel
723 408 853 438 inutiles
877 419 943 438 esse
966 418 1068 448 quum
1092 407 1271 437 certissime
1299 408 1519 438 demonstrare
1541 408 1642 447 liceat,
1667 419 1779 438 omnes
1802 408 1908 439 edito-

437 472 489 492 res
512 459 634 490 nescire
656 459 868 490 videntur.—
885 458 932 489 De
955 457 1189 488 sententiarum
1213 458 1246 487 iu
1269 457 1467 488 carminibus
1490 458 1605 489 ordine
1627 458 1709 489 nihil
1731 457 1800 489 sere
1823 457 1908 500 apud

438 512 631 552 interpretes
654 509 807 547 invenias,
831 518 1026 549 quanquam,
1050 508 1076 538 si
1100 508 1301 549 aliquatenus
1325 509 1471 550 corrupti
1499 507 1667 549 cujusdam
1690 509 1753 539 loci
1778 514 1909 539 senten-

439 563 517 592 tiam
541 560 590 591 vel
614 570 654 590 ex
678 559 779 601 ipsius
809 559 922 589 cantici
950 569 1036 589 nexu
1062 558 1111 588 vel
1135 570 1151 589 e
1173 558 1333 588 similium
1367 559 1606 600 comparatione
1635 559 1818 600 praesagire
1848 570 1910 600 po-

439 611 611 648 tuerimus,
636 610 779 640 multum
797 609 869 639 inde
892 609 1036 639 criticam
1060 608 1205 650 adjuvari
1229 613 1326 650 patet.
1371 608 1448 639 Esse
1471 608 1558 639 enim
1582 609 1678 639 etiam
1702 609 1735 639 in
1758 608 1911 639 carmini-

440 663 502 693 bus
531 660 714 691 fabularum
745 660 895 690 ordinem
925 659 1096 700 quendam,
1125 670 1265 700 eumque
1294 660 1327 689 in
1356 659 1517 689 similibus
1548 658 1702 698 similem,
1732 670 1818 689 nunc
1845 669 1911 689 non

441 723 523 754 opus
549 711 676 741 videtur
709 710 943 748 demonstrare,
966 714 1139 751 postquam
1163 709 1345 748 Disscnius,
1368 714 1405 739 ut
1427 720 1531 739 unum
1556 709 1655 740 instar
1678 709 1829 740 omnium
1851 720 1914 739 no-

441 764 615 799 minemus,
641 766 758 801 quanta
782 765 848 791 arte
868 760 1023 790 Pindarus
1047 759 1142 790 etiam
1166 771 1200 790 ea
1222 759 1417 798 instituerit,
1449 770 1531 800 quae
1553 759 1690 801 plurimi
1712 764 1766 790 aut
1789 759 1912 790 inculto

443 818 498 844 aut
520 811 698 842 luxurianti
723 814 835 852 poetae
858 810 986 852 ingenio
1014 809 1194 847 tribuenda,
1236 809 1339 840 immo
1363 810 1572 840 condonanda
1594 815 1763 851 putarunt,
1787 810 1913 851 egregie

444 863 562 894 docuit.
629 861 753 892 Eodem
783 861 869 892 enim
898 860 999 891 modo
1024 860 1119 892 etiam
1149 859 1230 890 ordo
1254 859 1485 890 sententiarum
1508 860 1541 890 iu
1564 859 1692 892 canticis
1715 860 1914 901 tragicorum

444 914 528 955 leges
553 912 706 953 quasdam
730 912 886 953 sequitur,
910 922 991 952 quae
1014 921 1198 951 quanquam
1221 910 1255 940 in
1278 921 1393 951 genere
1416 909 1478 940 alio
1502 910 1580 941 aliae
1603 915 1635 941 ct
1657 921 1674 940 a
1695 910 1835 952 pedestri
1859 921 1915 940 or-

446 965 521 995 dine
551 963 705 1001 diversae,
734 968 841 992 tamen
870 967 945 992 sunt
973 961 1068 1001 leges.
1092 979 1133 983 —
1156 960 1352 1002 Aeschylum
1376 960 1503 999 deinde,
1533 965 1570 990 ut
1593 971 1756 1001 quemque
1778 961 1918 1002 scripto-

446 1026 516 1045 rem
541 1013 764 1055 insigniorem,
798 1012 1031 1054 proprietatem
1055 1011 1216 1052 quandam
1239 1011 1399 1041 sermonis
1422 1010 1550 1049 habere,
1574 1021 1654 1052 quae
1677 1011 1781 1052 ipsam
1804 1014 1918 1053 poetae

448 1076 600 1103 manum,
647 1064 740 1094 sicuti
773 1063 895 1093 Orestis
919 1063 1133 1105 praesentiam
1159 1061 1290 1102 vestigia
1313 1061 1456 1103 pedum,
1492 1072 1585 1103 saepe
1608 1061 1658 1092 rel
1680 1061 1846 1092 levissimo
1868 1061 1919 1091 in-

449 1116 532 1146 dicio
556 1119 727 1151 monstret,
752 1113 807 1143 vix
831 1124 913 1155 opus
938 1118 1018 1143 esset
1041 1123 1185 1151 monere,
1209 1112 1269 1142 nisi
1293 1111 1344 1142 vel
1370 1111 1451 1142 hanc
1473 1112 1511 1142 ab
1535 1112 1713 1142 editoribus
1739 1112 1836 1142 nimis
1860 1122 1918 1142 ne—

448 1167 585 1209 glectam
610 1176 685 1202 esse,
709 1163 780 1205 jure
805 1163 998 1194 doleremus.
1022 1181 1063 1186 —-
1086 1163 1234 1203 Denique
1258 1173 1274 1192 e
1296 1167 1479 1192 metrorum
1498 1163 1622 1193 ratione
1645 1167 1720 1203 post
1743 1163 1919 1192 Hermanni

450 1223 480 1247 ct
508 1215 704 1247 Laclnuanni
733 1215 869 1256 insignia
898 1214 1012 1244 merita
1042 1213 1172 1243 criticus
1201 1214 1258 1243 vix
1282 1212 1357 1243 novi
1381 1213 1458 1254 quid
1486 1212 1617 1243 haurire
1641 1223 1733 1254 posse
1757 1212 1919 1249 videatur3

450 1267 554 1298 multa
583 1271 690 1296 [anien
720 1266 751 1294 in
782 1270 965 1295 metrorum
996 1264 1142 1294 doctrina
1173 1263 1356 1293 etiamnunc
1390 1267 1465 1293 sunt
1493 1262 1601 1297 dubia,
1631 1267 1794 1304 praeterea
1824 1262 1920 1303 leges,

450 1329 528 1359 quas
558 1316 645 1347 solus
676 1314 851 1357 Aeschylus
880 1319 1039 1355 sequutus
1069 1319 1126 1353 est,
1155 1313 1265 1344 minus
1292 1313 1507 1354 investigatae,
1537 1313 1676 1354 denique
1699 1313 1837 1344 editores
1861 1313 1921 1355 ipsi

452 1373 633 1398 metrorum
657 1377 749 1407 saepe
772 1377 836 1395 non
860 1365 934 1395 satis
957 1365 1058 1405 gnari.

557 1418 621 1448 Has
644 1421 785 1457 quatuor
808 1415 908 1457 igitur
930 1426 981 1445 res
1011 1413 1167 1454 neglectas
1191 1414 1276 1444 inter
1298 1425 1406 1444 causas
1430 1424 1496 1444 esse
1521 1412 1668 1454 Aeschyli
1696 1413 1843 1443 noudum
1872 1425 1923 1444 sa—

453 1469 492 1499 tis
516 1467 686 1503 emendati,
717 1466 810 1496 nobis
841 1465 1064 1506 persuasimus
1094 1464 1192 1505 idque
1216 1464 1376 1506 exemplis
1398 1464 1508 1507 paucis
1538 1475 1554 1494 0
1577 1474 1706 1505 quoque
1730 1474 1844 1504 genere
1867 1464 1924 1494 dc-

452 1518 616 1562 promptis
639 1516 709 1547 aliis
733 1526 863 1557 quoque
886 1515 1027 1558 probare
1050 1514 1117 1557 jam
1140 1515 1343 1546 conabimur.

1085 1641 1258 1671 CAPUT
1284 1642 1308 1671 1.

565 1721 765 1756 Meliortun
801 1720 984 1754 librorum
1020 1719 1131 1753 lectio
1167 1719 1209 1753 iu
1242 1718 1434 1752 nonnullis
1470 1717 1562 1752 locis
1588 1716 1812 1752 restituitur.

562 1820 675 1858 Quum
704 1830 743 1850 ne
774 1818 982 1849 WVellauerus
1012 1818 1155 1859 quidem,
1185 1827 1370 1858 quanquam
1398 1814 1511 1846 multis
1534 1815 1567 1846 in
1589 1814 1668 1845 locis
1691 1813 1830 1855 genuina
1851 1824 1924 1844 me-

456 1870 576 1901 liorum
604 1870 766 1900 librorum
796 1869 932 1900 lectione
961 1873 1107 1899 revocata
1136 1868 1216 1898 bene
1245 1867 1283 1898 de
1311 1865 1470 1908 Aeschylo
1506 1866 1654 1902 meritus,
1686 1864 1861 1894 accuratius
1885 1864 1923 1895 de

455 1920 658 1962 singulorum
687 1920 837 1951 codicum
866 1924 922 1951 aut
943 1918 1143 1950 familiarum
1165 1918 1352 1950 auctoritate
1375 1916 1486 1959 egerit,
1509 1916 1668 1958 primum,
1691 1915 1746 1956 qui
1769 1914 1922 1946 meliores
