2005 2616
754 225 946 255 -3-

113 309 190 341 libri
211 308 352 341 habendi
380 308 455 347 sint,
485 309 580 340 nobis
604 308 896 340 demonstrandum
919 312 1010 340 esset.
1053 307 1205 350 Amplior
1228 314 1336 340 tamen
1359 308 1428 351 ejus
1450 310 1498 342 rei
1522 311 1590 342 dis-

112 360 245 403 quisitio
258 359 396 392 alienior
410 359 449 390 ab
464 359 599 390 consilio
614 358 711 402 hujus
734 359 919 401 scriptionis
943 370 1010 390 esse
1033 359 1171 399 videtur,
1196 370 1295 401 quare
1316 361 1426 403 paucis
1449 366 1588 402 tantum,

113 411 195 453 quid
215 409 426 453 judicandum
447 410 489 440 sit
508 410 546 441 de
567 410 754 441 auctoritate
774 410 938 441 librorum
956 411 1246 452 Agamemnonem,
1270 410 1495 454 ChoephorOS‚
1518 412 1589 444 Eu-

112 461 270 500 menides,
300 460 470 503 Supplices
506 460 760 503 complexorum
784 460 997 492 indicabimus
1025 461 1136 503 potius
1169 471 1270 502 quam
1298 463 1498 503 argumentis
1527 462 1588 494 fir-

111 512 286 543 mabimus.
352 512 484 543 Ceterae
512 512 600 543 enim
629 517 692 543 tres
720 511 848 542 fabulae
875 511 1026 554 pluribus
1056 511 1264 542 continentur
1285 513 1464 552 codicibus,
1488 525 1588 555 quarn

114 568 150 594 ut
170 563 280 605 paucis
310 562 359 594 vel
388 559 502 593 leviter
531 561 666 604 defungi
694 562 804 600 liccat3
834 561 907 593 illae
939 568 1047 593 autem
1077 568 1218 603 quatuor
1238 563 1269 593 in
1300 574 1470 605 perpaucis
1492 565 1586 596 libris

111 619 254 645 servatae
276 613 313 644 ad
337 623 396 643 nos
418 618 649 655 pervenerunt,
677 624 820 654 quorum
846 613 983 654 quisque
1006 624 1104 655 quam
1129 613 1354 645 auctoritatem
1375 615 1470 645 nobis
1493 627 1587 647 accu-

110 669 179 695 rate
201 663 467 704 investigantibus
491 663 606 694 habere
631 664 718 694 visus
741 664 793 702 sit,
817 664 1010 706 aperiemus,

219 715 373 754 Quatuor
395 714 468 745 illae
488 713 615 745 fabulae
633 719 763 745 cunctae
777 719 905 756 praeter
918 720 1008 745 notas
1028 714 1061 744 in
1082 716 1194 756 Agam.
1217 714 1344 746 lacunas
1363 716 1586 751 continentur:

222 769 254 805 1)
289 765 406 796 Codice
429 765 585 803 Mediceo,
615 776 680 806 quo
702 764 769 806 jam
793 766 956 796 Victorius
980 765 1118 796 subinde
1143 775 1218 795 usus
1242 771 1306 803 est3
1342 772 1455 808 postea
1476 768 1586 799 Need-

111 816 227 847 hamus
247 821 279 847 et
290 814 516 846 Blomfieldius
540 815 608 857 ejus
627 815 815 846 collationes
834 815 1027 850 habuerunt,
1051 816 1176 846 utinam
1195 817 1415 856 accuratiores,
1439 828 1490 857 ne,
1508 819 1586 860 quid

112 867 147 898 in
169 866 231 897 illo
250 866 386 907 legatur,
422 877 513 908 saepe
537 866 675 897 dubium
698 871 789 897 esset.
855 865 1098 908 Philclphianus
1129 872 1183 896 aut
1206 866 1293 898 idem
1317 873 1371 897 aut
1401 874 1587 900 accuratum

114 916 352 960 apographum.
381 927 424 940 -—·-
452 917 544 948 Idem
573 916 657 947 liber
688 917 726 947 ad
750 916 947 959 Sophoclem
976 916 1014 947 ab
1038 916 1195 958 Elmslejo
1219 917 1369 948 Laurent.
1393 919 1418 949 A
1441 925 1586 951 vocatur.

111 986 155 992 ——
177 968 339 999 Omnium
368 972 416 998 cst
438 968 699 1009 antiquissimus-3
729 978 835 1008 neque
864 972 972 998 tamen
995 967 1120 997 mendis
1144 972 1230 998 caret
1252 978 1310 999 nec
1332 974 1528 1007 ceterorum,
1551 976 1587 1001 ut

112 1017 212 1050 multi
239 1023 415 1060 putarunt,
445 1018 518 1049 tons
549 1029 616 1049 esse
646 1018 702 1049 sed
730 1028 806 1048 cum
835 1017 976 1060 Guelph.
1005 1017 1074 1048 cod.
1097 1017 1181 1049 Rob.
1205 1023 1237 1049 et.
1259 1019 1338 1061 Reg.
1361 1019 1386 1050 L
1408 1031 1450 1051 ex
1472 1021 1588 1052 eodem

112 1068 204 1101 fonte
225 1067 360 1100 fluxisse
382 1069 521 1100 videtur.
1423 1104 1425 1106 ,

221 1122 258 1158 2)
286 1119 577 1162 Guelpherbytano
601 1119 640 1150 ab
666 1118 818 1150 Askewio
842 1123 873 1150 et
899 1118 1054 1149 Schiitzio
1077 1118 1211 1155 collato,
1242 1119 1286 1150 ita
1312 1125 1420 1152 tamen
1442 1126 1480 1151 ut
1501 1121 1589 1154 haud

115 1181 217 1213 pauca
251 1169 290 1201 ab
334 1170 373 1201 iis
408 1171 527 1201 omissa
563 1181 630 1201 esse
663 1169 792 1201 collatio
829 1169 1022 1211 Supplicum
1052 1169 1155 1200 amico
1191 1169 1229 1200 ab
1258 1171 1402 1211 quodam
1433 1171 1588 1212 confecta,

113 1221 188 1253 satis
209 1221 420 1252 demonstret.
466 1221 662 1262 Quanquam
684 1219 808 1263 pejoris
828 1220 974 1251 Mediceo
993 1225 1099 1259 notae,
1121 1225 1242 1262 tamen,
1266 1221 1342 1263 quia
1364 1223 1590 1254 correctricem

115 1270 350 1315 grammaticuli
374 1282 509 1302 manum
531 1282 597 1302 non
621 1276 776 1314 expertus
799 1276 857 1310 est,
880 1270 977 1302 multi
1005 1270 1181 1302 faciendus.

222 1321 255 1364 3)
279 1321 400 1363 Regius
422 1322 609 1354 Parisiensis
631 1333 684 1353 nr.
706 1324 800 1360 2886,
825 1333 890 1363 quo
911 1321 1138 1363 Spanhcmius‚
1165 1321 1341 1362 Askewius‚
1365 1322 1517 1355 Faehsius
1538 1324 1590 1356 usi

116 1378 192 1405 sunt
219 1374 286 1415 (ap.
315 1372 415 1405 Well.
436 1372 515 1414 Reg.
544 1373 581 1411 L,
611 1373 646 1403 in
674 1373 836 1404 Addendis
865 1372 904 1403 ad
927 1372 968 1403 T.
993 1372 1033 1403 II.
1057 1373 1134 1413 Reg.
1159 1373 1210 1412 P),
1232 1384 1333 1404 manu
1354 1374 1425 1405 Jani
1447 1374 1589 1407 Lascaris

117 1423 269 1467 scriptus,
290 1428 378 1455 tenet
400 1425 593 1454 Eumenides
617 1428 648 1454 et
671 1424 845 1464 Supplices.
890 1423 984 1454 Haud
1007 1434 1080 1454 raro
1102 1428 1264 1454 correctus
1288 1429 1347 1455 est.

222 1475 254 1506 4.
298 1473 331 1515 5)
367 1476 636 1516 Agamemnonem
659 1477 819 1515 integram
842 1479 873 1505 et
901 1475 1094 1504 Eumenides
1130 1474 1296 1505 continent
1324 1474 1530 1508 florentinus
1559 1483 1591 1508 et

116 1524 327 1557 'farnesianus
356 1524 409 1567 (de
438 1527 562 1556 Veneto
591 1536 641 1567 ap.
670 1524 793 1556 Blomf.
830 1525 862 1556 in
890 1526 948 1566 Ag.
978 1535 1096 1567 parum
1126 1524 1280 1565 constai);
1326 1525 1381 1556 ille
1411 1526 1444 1556 in
1473 1527 1591 1558 Blom-

116 1575 219 1607 fieldii
255 1586 355 1607 usum
389 1575 427 1606 ad
458 1578 569 1617 Agam.
605 1574 740 1606 collatus
776 1580 839 1613 est;
883 1574 970 1606 hunc
1009 1574 1247 1606 accuratissime
1281 1575 1320 1606 ad
1358 1577 1416 1618 Ag.
1454 1578 1591 1609 contulit

116 1627 150 1658 P.
173 1625 349 1668 Elsmlejus
379 1626 477 1667 (Mus.
509 1626 589 1657 Crit.
620 1626 710 1656 Cant.
741 1637 791 1656 nr.
818 1625 876 1656 VII
899 1631 930 1656 et
952 1626 986 1656 iu
1010 1625 1092 1656 calce
1121 1627 1233 1668 Agam.
1257 1625 1380 1660 Blomf.
1403 1627 1452 1658 ed.
1475 1628 1590 1671 Lips.)‚

118 1679 216 1719 quain
241 1677 399 1718 integram
424 1676 597 1707 lectionem
627 1677 751 1707 variam
774 1676 860 1707 miro
884 1687 995 1708 errore
1018 1676 1162 1718 neglexit
1185 1676 1405 1717 NYellauerus,
1429 1680 1591 1722 excerptis

116 1726 318 1759 Blomfieldii
341 1732 510 1758 contentus
534 1726 575 1758 cf.
598 1725 700 1759 Praef.
723 1726 763 1757 T.
787 1726 817 1757 ΙΙ
840 1738 874 1769 p.
897 1727 955 1758 XI.
1000 1727 1048 1758 Ad
1068 1727 1265 1758 Eumenides
1282 1728 1472 1770 Burgessius
1491 1741 1592 1772 pauca

118 1788 160 1809 ex
183 1789 221 1809 eo
244 1777 343 1809 dedit.
388 1777 597 1809 Farnesianus
625 1788 725 1808 manu
752 1777 846 1808 Dem.
876 1777 1028 1809 Triclinii
1051 1778 1202 1819 scriptus,
1237 1777 1332 1809 lectio
1363 1784 1394 1810 et
1417 1780 1455 1810 ab
1477 1780 1539 1812 hoc
1561 1787 1593 1813 et

118 1840 136 1859 a
156 1827 286 1859 Thoma
308 1828 468 1870 Magistro
490 1828 658 1860 interdum
684 1828 776 1867 bene,
807 1839 900 1871 saepe
929 1827 1148 1860 infelicissime
1172 1835 1315 1860 correcta
1339 1835 1397 1861 est.
1441 1830 1468 1862 E
1491 1832 1592 1863 simili

119 1877 210 1910 fonte
236 1878 336 1910 fluxit
365 1879 582 1918 florentinus,
618 1878 686 1920 qui,
715 1889 899 1921 quanquam
927 1879 1080 1922 pluribus
1108 1879 1233 1910 mendis
1261 1880 1458 1921 inquinatus,
1488 1883 1593 1914 rarius

121 1934 229 1961 tamen
263 1935 481 1961 correctorem
511 1930 761 1971 grammaticum
790 1930 903 1972 prodit
943 1930 1166 1972 (Triclinium,
1206 1931 1233 1961 si
1263 1931 1342 1972 quid
1371 1931 1477 1971 video,
1504 1944 1593 1964 nun-

121 1979 249 2022 quam).
293 1980 445 2012 Ceterum
469 1985 606 2022 uterque
629 1991 732 2022 neque
756 1980 789 2012 in
811 1980 924 2012 ceteris
947 1981 1014 2012 sine
1035 1991 1097 2012 usu
1119 1980 1319 2023 (complures
1341 1983 1429 2014 enim
1452 1984 1592 2026 optimas

1197 2035 1239 2064 1&
