2005 2616
740 238 952 267 ..33-

111 316 287 358 anapaestis
310 316 393 347 Gaea
423 322 454 348 et
478 317 613 348 Hermes
637 318 830 350 invocentur
860 325 895 350 ut
919 331 948 351 v.
976 324 1034 353 122
1058 327 1111 352 aut
1135 322 1220 353 Pers.
1257 333 1285 353 v.
1309 326 1372 354 620
1395 334 1466 354 cum
1495 325 1580 356 {lade

109 365 283 409 conjuncti,
306 365 362 398 illa
383 377 424 398 ne
446 367 725 410 Agamemnonem
748 370 893 409 retincat,
916 370 967 402 hic
992 377 1027 402 ut
1050 383 1125 403 cum
1149 372 1270 403 educat.
1308 373 1494 415 chendum
1514 385 1581 407 esse

108 417 329 461 suspicamurx

514 466 634 500 Πειθώ
656 469 751 511 δολίῳ

311 516 554 558 ξυγκαταβῆναι
573 521 721 560 χθονίαν
739 519 843 565 Ἑρμῇ.

109 567 156 600 Μ.
187 568 228 599 G.
262 567 301 599 A.
330 567 417 598 enim
453 566 484 599 δ’
509 567 631 611 'Eppia
667 570 750 601 Rob.
778 569 810 612 γ’
841 572 943 613 ἑρμ-ἧα
978 577 1103 611 tcuent3
1136 571 1166 614 γ’
1202 578 1256 604 aut
1291 571 1322 605 δ’
1359 575 1456 606 metri
1489 587 1581 608 eausa

108 618 279 657 insertum,
302 628 404 659 quum
424 620 573 660 χθονίαν
595 626 786 663 corruptum
811 627 902 654 esset.
952 623 1087 654 Ilei-mes
1109 623 1214 660 δόλιος
1234 629 1330 661 recte,
1361 625 1415 656 ubi
1439 625 1508 656 dux
1531 633 1580 658 est

109 668 190 709 viae,
213 667 316 711 Soph.
339 667 423 699 Phil.
446 679 476 699 v.
502 672 579 707 1333
607 675 719 702 contra
741 669 847 702 πειθώ
869 673 961 703 δολία
985 673 1041 703 vix
1063 673 1172 704 locum
1197 673 1344 713 haberet,
1376 675 1463 716 quod
1486 676 1579 707 nullo

109 718 188 751 dolo
211 718 250 750 ad
272 718 533 761 persuadendum
558 731 642 762 opus
664 726 722 752 est.
776 721 886 753 l'eitho
914 723 952 753 ad
976 723 1097 754 inferos
1120 724 1281 755 descendit
1302 725 1351 755 uti
1373 724 1462 756 Echo
1486 727 1578 758 Pind.

109 769 162 801 01.
187 769 237 809 14,
259 772 299 801 21
323 773 379 800 aut
397 769 529 811 Aggelia
552 770 606 801 Ol.
631 773 662 807 8,
686 774 725 803 81
743 770 783 802 cf.
808 772 909 814 soph.
934 772 983 804 El.
998 775 1136 806 131049.
1158 791 1201 797 —
1222 774 1261 805 In
1282 775 1492 816 sequentibus
1509 782 1581 808 tum

107 818 217 862 νύχιος
238 824 285 851 est
303 819 373 862 ipse
386 820 621 861 Agamemnon,
652 832 751 863 quem
779 819 940 864 ἄκραντος
961 825 1022 864 ἔχει
1042 823 1099 863 νύξ
1126 835 1154 855 v.
1178 828 1230 857 63.

214 869 332 913 Suppl.
355 880 385 901 v.
408 873 471 903 438
494 881 581 912 seqq.
605 868 741 903 Clausen
763 871 785 903 l.
809 872 830 903 l.
854 884 886 915 p.
909 874 972 905 460
995 875 1028 905 iu
1052 874 1139 905 idem
1163 874 1285 914 incidit,
1309 876 1397 917 quod
1413 876 1492 908 olim
1511 877 1581 920 ipse

108 920 267 960 intellexi,
308 925 457 951 veterum
485 920 649 953 librorum
674 921 827 954 lectiones
851 924 1042 954 revocandas
1065 929 1095 955 et
1116 925 1252 966 γεμίζων
1273 936 1289 957 e
1312 925 1422 969 steph.
1447 937 1477 958 v.
1501 926 1522 958 l.
1552 933 1583 959 et

109 970 211 1003 schol.
232 970 474 1003 restituendum
498 982 566 1002 esse

313 1013 383 1044 Καὶ
402 1012 567 1056 χρήμασιν
587 1015 646 1055 μὲν
664 1017 698 1046 ὲκ
716 1012 826 1056 δόμων
846 1016 1085 1056 πορθουμένων

304 1059 407 1102 ’Ἀτην
427 1064 563 1105 γεμίζιυν
583 1066 639 1096 καὶ
659 1063 724 1106 μέγ’
747 1064 912 1106 ἐμπλήσας
932 1064 1036 1107 γόμου

311 1111 423 1155 γένοιτ’
448 1110 492 1146 ἂν
512 1111 595 1146 ἄλλα
616 1117 749 1154 κτησίου
770 1113 844 1152 Διὸς
863 1114 968 1158 χάριν.

107 1163 219 1197 Minus
247 1168 333 1196 recte
361 1169 471 1196 tamen
500 1164 540 1196 ad
567 1166 704 1206 γεμίζιυν
728 1164 911 1208 subjectum
934 1164 1010 1203 Ζεὺς
1038 1177 1054 1197 e
1077 1167 1284 1207 sequentibus
1311 1168 1488 1210 petendum
1513 1179 1581 1202 esse

108 1220 212 1259 putat,
241 1214 329 1258 quod
357 1214 456 1246 nimis
479 1220 527 1246 est
549 1215 771 1256 artificiosum,
802 1227 903 1258 quum
928 1215 1096 1259 epitheton
1117 1216 1246 1255 κτήσιος
1268 1218 1306 1248 ab
1330 1230 1367 1249 eo
1391 1230 1456 1249 non
1478 1220 1582 1261 possit

107 1265 234 1298 revelli.
299 1264 490 1307 Subjectum
519 1271 567 1298 est
595 1265 816 1307 indefinitum,
844 1279 900 1305 τις,
932 1272 962 1298 et
984 1263 1084 1306 ’Ἀτην
1116 1266 1279 1308 χρήμασιν
1303 1270 1437 1310 γεμίζειν
1465 1270 1581 1301 eodem

109 1317 210 1349 modo
240 1315 364 1348 dietum
393 1321 451 1356 est,
479 1327 544 1358 quo
574 1316 686 1348 Aesch.
710 1319 824 1360 Agam.
848 1328 878 1348 v.
905 1320 983 1350 1241
1010 1318 1182 1349 Cassandra
1205 1323 1287 1349 serta
1310 1318 1501 1360 alloquitur:
1531 1318 1583 1352 α’).-

108 1369 168 1407 λην
188 1364 244 1399 τιν’
267 1363 352 1406 ἄτην
373 1364 440 1399 ἀντ’
463 1368 542 1409 ἐμοῦ
563 1368 752 1407 πλουτίζετε,
778 1368 867 1410 quod
890 1368 1083 1410 interpretes
1106 1379 1171 1399 non
1194 1368 1434 1400 intellexerunt.
1479 1370 1583 1412 Egre-

108 1419 160 1461 gie
189 1418 277 1450 enim
305 1428 517 1459 quaecunque
538 1424 687 1460 pereunt,
717 1420 798 1450 Aten
820 1419 922 1450 ditare
948 1419 1111 1455 dicuntur,
1142 1429 1221 1460 quae
1249 1419 1492 1460 quodammodo
1523 1431 1582 1452 cu-

108 1468 183 1512 pide
204 1479 241 1500 ea
263 1467 397 1511 arripit3
419 1465 520 1508 ἄλλην
542 1474 622 1500 noto
645 1480 749 1510 more,
774 1480 872 1511 quem
895 1469 1131 1512 pleonasticum
1154 1469 1274 1500 dicunt.

214 1518 278 1550 Sed
306 1523 405 1550 restat
434 1520 480 1550 uti
503 1530 602 1562 pauca
623 1519 814 1559 indicemus,
856 1531 998 1562 quorum
1022 1519 1207 1561 corruptela
1229 1525 1411 1551 metrorum
1435 1520 1579 1563 Aeschy-

107 1570 237 1602 leorum
260 1574 404 1601 accurata
426 1570 609 1611 cognitione
632 1575 664 1601 et
685 1571 868 1612 investigari
888 1575 918 1601 ct
936 1571 1039 1601 sanari
1056 1570 1168 1612 possit.
1212 1570 1388 1601 Levissima
1410 1570 1579 1612 quaedam,

106 1631 148 1654 ne
168 1620 271 1664 justas
293 1620 480 1662 scriptionis
502 1620 582 1652 fines
606 1621 809 1661 excedamus,
833 1621 951 1663 eligere
978 1620 1090 1663 placet.

214 1671 314 1711 Quod
336 1670 370 1701 in
403 1672 580 1713 anapaestis
609 1672 794 1714 Euripideis
826 1683 891 1702 non
919 1682 1030 1702 rarum
1060 1676 1116 1710 est,
1140 1676 1175 1702 ut
1205 1670 1369 1713 dactylum
1393 1677 1580 1713 anapaestus

107 1726 261 1765 sequatur
282 1721 377 1752 initio
407 1721 556 1764 dipodiae
585 1721 625 1753 cf.
656 1723 770 1753 Herm.
794 1722 844 1753 El.
868 1722 908 1753 D.
932 1722 977 1753 M.
1002 1733 1033 1764 p.
1057 1724 1130 1760 376,
1172 1721 1255 1762 apud
1278 1720 1472 1763 Aeschylum
1496 1732 1580 1753 nunc

107 1777 247 1814 quatuor
271 1777 394 1803 tantum
415 1771 495 1803 locis
513 1773 677 1815 reperitur
699 1773 788 1816 Sept.
811 1783 841 1804 v.
864 1775 937 1805 809.
961 1774 1012 1805 49.
1036 1772 1132 1804 Eum.
1158 1782 1186 1803 v.
1210 1774 1271 1804 909
1294 1771 1406 1814 Suppl.
1431 1782 1459 1803 v.
1484 1775 1513 1804 8.
1538 1789 1580 1796 —-

107 1824 149 1855 At
170 1823 260 1867 Sept.
284 1833 313 1855 v.
340 1825 402 1855 809

304 1870 355 1905 ‘H
371 1871 446 1911 τούς
466 1872 622 1916 μογεροὺς
642 1875 698 1906 καὶ
719 1874 936 1914 δυσδαίμονας

309 1921 463 1961 ἀτέκνους
483 1923 610 1957 κλαύσω
633 1923 872 1966 πολεμάρχους,-

107 1984 175 2007 vox
196 1972 349 2013 ἀτέκνους
369 1979 526 2019 corrupta
548 1986 616 2007 esse
638 1974 775 2016 videtur,
797 1984 899 2016 quum
922 1984 1020 2004 nemo
1043 1972 1251 2014 antiquorum
1273 1971 1436 2003 Eteoclen:
1457 1978 1487 2003 ct
1510 1973 1575 2003 Po-
