2005 2616
1085 174 1276 202 -6—

445 269 632 292 communes
655 256 762 289 habet.
786 257 906 287 Aldina
929 267 945 286 a
969 254 1257 297 Guelpherbytano
1281 260 1426 287 accurate
1447 256 1564 287 collato
1595 256 1652 288 vix
1668 255 1738 287 ullo
1770 256 1842 287 loco
1872 257 1916 288 ita

445 311 625 348 dissentiet,
657 313 694 338 ut
723 306 840 338 melius
871 305 947 348 quid
971 306 1112 348 prabeat.
1142 305 1189 337 lta
1211 306 1325 348 Suppl.
1347 317 1377 337 v.
1401 309 1463 339 725
1486 310 1623 348 ἐπιτυχεῖ
1643 305 1738 346 κότῳ,
1761 306 1849 348 quod
1874 318 1915 337 ex

446 361 515 392 Ald.
539 360 570 390 in
594 363 713 389 ceteras
736 358 892 388 editiones
915 356 1057 396 transiit,
1094 366 1189 387 sensu
1210 356 1388 387 molestum
1418 362 1481 395 est3
1514 357 1661 388 nondum
1690 357 1777 387 enim
1807 357 1916 398 Aegy-0

445 410 569 454 ptiadae
592 408 692 440 finem
723 407 857 439 assecuti
886 412 987 438 erant.
1040 407 1081 437 At
1110 406 1253 448 Guelph.
1284 406 1380 437 habet
1408 408 1459 438 ἐπὶ
1486 405 1564 448 τύχη
1593 412 1700 449 aperta
1723 407 1917 448 corruptela.

446 460 533 493 Med.
556 459 640 490 Rob.
663 459 714 490 ἐπὶ
736 456 834 499 τάχει,
867 457 951 488 unde
981 463 1111 488 accentu
1139 462 1265 487 mutato
1289 459 1340 489 ἐπὶ
1361 462 1453 498 ταχεῖ
1480 456 1564 497 κότῳ
1594 457 1757 499 optimum
1788 468 1920 488 sensum

448 511 596 554 pracbet3
637 519 712 539 nam
735 520 751 540 c
775 508 936 539 celeritate
958 507 1084 539 itineris
1106 507 1383 549 Aegyptiadarum
1413 507 1538 538 animus
1560 517 1688 549 pugnae
1711 507 1845 549 cupidus
1875 507 1919 548 (V.

452 563 531 600 723)
547 560 695 601 cognosci
711 564 827 600 potest.
853 556 921 589 ’Etsi
935 569 1008 588 cum
1024 557 1087 588 dat.
1101 559 1258 588 rationem
1277 562 1307 588 et
1320 558 1456 588 modum
1472 557 1588 587 indicat
1604 556 1644 588 cf.
1659 572 1687 592 v.
1702 561 1773 589 623.
1803 557 1920 588 Matth.

450 624 484 654 p.
502 614 594 643 1173.
613 628 657 633 —
676 620 705 639 r.
723 611 786 640 734
802 607 942 650 Guelph.
957 613 994 638 ut
1014 608 1109 639 ceieri
1129 609 1234 645 καλῶς
1253 605 1295 640 ἂν
1314 607 1381 639 Ald.
1403 608 1527 649 καγλῶς
1541 604 1598 647 ἅν,
1624 608 1709 638 unde
1723 613 1798 649 post
1812 607 1919 649 Glasg.

448 662 587 694 editores
602 660 706 696 καλῶς
719 656 790 700 γ’ἰὲν
807 663 1011 700 receperunt,
1036 669 1101 699 quo
1125 664 1207 689 certe
1221 669 1287 689 non
1304 669 1386 700 opus
1401 663 1459 689 est.
1474 676 1516 680 —
1529 657 1575 688 Ita
1589 658 1686 688 ctiam
1700 659 1810 699 Agam.
1824 668 1852 688 v.
1868 658 1921 697 44,

451 713 507 743 ubi
524 712 562 742 G.
572 711 664 742 Farn.
679 710 717 740 R.
734 709 774 739 V.
784 707 958 750 Ἀτρειδᾶν,
973 711 1009 739 Α.
1025 708 1064 739 Τ.
1076 706 1244 750 Ἀτρειδῶν
1257 708 1420 750 praebent,
1434 718 1539 749 quum
1548 707 1785 746 Blomfieldius,
1800 707 1921 748 ubique

447 763 643 794 Doricarum
666 759 852 790 formarum
875 769 915 789 ex
928 759 1112 800 Anapaestis
1131 758 1296 800 expulsor,
1316 759 1379 789 hoc
1393 758 1608 800 praetulisset,
1623 758 1843 797 XTellauerus,
1865 758 1921 799 qui

448 814 533 844 idem
548 811 678 853 recepit,
692 810 848 840 Aldinum
861 808 1030 850 exemplar
1043 809 1077 839 in
1092 808 1208 839 talibus
1221 809 1421 850 sequendum
1435 814 1534 848 ratus,
1543 809 1723 850 pessimum
1738 808 1798 839 sibi
1808 808 1922 839 ducem

449 863 557 904 clegit.
581 862 779 901 Quanquam
795 860 883 891 enim
897 859 929 889 in
938 859 1123 901 Anapacstis
1139 870 1204 889 non
1216 858 1326 901 lyricis
1340 858 1514 901 Aeschylus
1530 859 1742 900 paucissimos
1751 859 1923 889 Dorismos

453 912 595 946 admisit,
609 916 717 941 tamen
731 910 827 951 genit.
842 909 882 940 N.
896 909 929 940 P.
943 909 1021 940 decl.
1037 909 1136 951 prim.
1177 908 1329 941 Οἰδιπόδα
1338 909 1425 951 Sept.
1437 920 1465 940 v.
1476 912 1556 941 1047
1565 914 1669 940 certus
1685 914 1729 939 est
1737 910 1922 950 etAgam.v.

454 964 537 996 1550
558 960 808 998 ΙΠεισθενιδᾱν,
831 970 1018 1000 quanquam
1040 959 1087 990 ibi
1110 960 1142 989 in
1156 960 1248 990 Farn.
1265 960 1309 991 ῶν
1322 960 1630 1001 suprascriptum‚'‘)
1644 959 1693 990 uti
1712 960 1809 990 etiam
1821 958 1923 1001 Soph.

454 1012 562 1054 Antig.
584 1022 614 1043 v.
639 1013 711 1042 814.
734 1009 814 1041 Eur.
837 1010 925 1041 Med.
951 1012 1033 1041 1118
1052 1007 1163 1042 Ἀΐδαν
1185 1009 1285 1052 Soph.
1315 1011 1387 1041 Ant.
1416 1012 1479 1042 378
1513 1008 1668 1041 Οἰδιπόδα
1695 1010 1780 1041 inter
1805 1010 1924 1041 Atticas

451 1063 576 1095 formas
598 1061 773 1104 reperitur.
795 1077 838 1083 —-
860 1060 979 1090 Contra
1003 1059 1081 1091 aliae
1104 1060 1239 1091 Doricae
1261 1059 1388 1091 formae
1410 1060 1443 1091 in
1466 1059 1515 1091 his
1530 1060 1715 1102 Anapaestis
1739 1060 1854 1091 dubiae
1874 1060 1925 1091 vi-

457 1114 575 1145 dentur
598 1117 635 1143 ut
657 1122 687 1142 v.
713 1114 753 1142 47
775 1108 916 1152 ἀρωγάν,
940 1120 967 1140 v.
992 1114 1050 1142 101
1081 1108 1190 1151 ἀγαινιὲ
1219 1111 1291 1152 (qni
1319 1110 1409 1142 locus
1433 1111 1567 1141 omnino
1597 1116 1771 1152 corruptus
1801 1116 1847 1141 est
1875 1111 1924 1141 uti

452 1164 550 1196 etiam
574 1161 721 1203 Choeph.
744 1171 774 1192 v.
802 1163 893 1199 1063,
923 1160 979 1191 ubi
1001 1160 1185 1200 πνεούσας),
1208 1172 1392 1202 quanquam
1412 1159 1619 1202 χιλιοναύτας
1640 1172 1670 1192 v.
1694 1161 1734 1193 45
1764 1165 1801 1191 ut
1823 1160 1924 1202 Soph-

454 1214 561 1254 Antig.
584 1215 647 1244 796
669 1213 853 1252 πειγκοίταν
874 1211 1077 1241 retinuerim.
1122 1211 1265 1241 Omnino
1289 1211 1376 1242 enim
1396 1211 1428 1241 in
1446 1211 1631 1242 masculinis
1645 1211 1769 1253 primae
1783 1210 1924 1242 declina-

456 1264 553 1295 tionis
577 1262 723 1294 Dorismi
745 1261 778 1292 in
801 1261 985 1303 Anapaestis
1008 1261 1168 1292 tolerandi
1191 1261 1351 1301 videntur,
1373 1261 1516 1304 pedestri
1539 1261 1636 1293 etiam
1658 1261 1796 1292 orationi
1809 1262 1842 1292 in
1860 1261 1923 1293 Nn.

457 1315 516 1357 Pp.
540 1318 624 1345 certe
647 1323 713 1343 non
735 1311 849 1342 Atticis
872 1311 969 1342 soliti.

564 1364 766 1395 Turneln’ana
789 1361 895 1400 lectio,
919 1372 1016 1403 quam
1039 1361 1164 1393 nullam
1177 1361 1276 1393 fidem
1295 1361 1412 1393 habere
1427 1362 1583 1401 diximus,
1598 1362 1631 1393 in
1644 1362 1812 1393 nonnullis
1827 1362 1925 1393 etiam

459 1425 546 1447 nunc
567 1414 647 1445 locis
668 1418 806 1452 tenetur,
830 1412 886 1443 ubi
908 1412 1080 1443 incorrecti
1102 1412 1178 1443 libri
1200 1412 1328 1452 habent,
1360 1412 1449 1454 quod
1472 1413 1603 1455 probari
1625 1413 1743 1455 possit3
1780 1413 1814 1443 in
1836 1412 1926 1443 mul-

467 1466 508 1497 tis
550 1464 631 1499 locis
675 1475 736 1506 pro
785 1467 895 1505 aperta
933 1461 1117 1505 corruptela
1163 1463 1341 1493 meliorum
1381 1463 1530 1494 codicum
1573 1463 1791 1505 conjecturam
1838 1462 1927 1493 dedit

459 1516 557 1548 eiiam
584 1514 685 1555 magis
714 1526 731 1545 a
759 1513 898 1556 genuina
925 1513 1062 1544 lectione
1084 1513 1299 1544 recedentem.
1322 1531 1365 1537 —
1393 1513 1440 1544 Ita
1470 1513 1615 1555 Choeph.
1638 1524 1670 1544 v.
1694 1516 1732 1545 13
1756 1512 1801 1544 M.
1825 1513 1865 1544 G.
1887 1513 1925 1543 R.

455 1567 556 1606 πῆμα,
578 1566 615 1596 A.
639 1563 739 1605 πόμα,
761 1563 850 1595 unde
872 1563 912 1595 T.
937 1562 1074 1606 conjecit
1095 1564 1222 1605 πτῶμα,
1245 1563 1333 1605 quod
1355 1574 1413 1594 cur
1436 1563 1485 1594 illi
1508 1562 1757 1606 praeferendum
1778 1563 1830 1602 sit,
1859 1573 1926 1594 non

495 1652 519 1684 ¹’)
539 1653 568 1676 In
586 1650 683 1676 cantico
704 1658 733 1675 eo
751 1659 775 1677 v.
793 1651 953 1678 1423—1558
971 1650 1109 1684 Aeschylus
1127 1651 1234 1675 similem
1251 1650 1332 1683 Iegem
1349 1650 1498 1676 observasse
1516 1651 1622 1681 videtur,
1640 1655 1716 1684 atque
1729 1650 1816 1683 Eur-ip.
1830 1650 1856 1674 in
1869 1650 1926 1674 Me-

540 1693 588 1718 dea
605 1701 629 1716 v.
647 1693 680 1719 95
699 1701 768 1726 seqq.
787 1697 867 1725 quam·
881 1693 917 1718 ibi
937 1693 1061 1725 sagaciter
1078 1694 1104 1717 P.
1124 1693 1257 1724 Elmslejus
1277 1693 1386 1723 detexit,
1426 1701 1559 1726 perperam
1584 1693 1615 1717 ab
1639 1693 1725 1717 Herm.
1744 1693 1814 1716 Ceus.
1832 1701 1857 1725 p.
1874 1693 1926 1720 339

540 1735 711 1768 vituperatus,
728 1739 757 1758 ut
775 1734 858 1759 choro
876 1734 971 1768 plures,
989 1734 1204 1767 Clytaemnestrae
1222 1735 1304 1759 nullas
1322 1735 1376 1759 fere
1394 1735 1499 1758 Doricos
1518 1735 1611 1758 soi-mas
1630 1734 1786 1763 concederet,
1806 1734 1874 1766 quod
1891 1734 1926 1758 il-

541 1777 590 1801 lius
608 1776 685 1800 verba
702 1776 781 1808 magis
799 1782 858 1801 sunt
874 1776 962 1809 lyrica.
998 1777 1036 1800 lta
1054 1776 1184 1801 Dorismos
1203 1776 1294 1801 chorus
1313 1776 1389 1800 habet
1406 1785 1430 1799 v.
1449 1775 1522 1803 1430.
1543 1777 1619 1803 1519.
1636 1777 1677 1802 21.
1703 1784 1826 1800 consensu
1844 1775 1926 1800 libro-

541 1827 597 1843 rum
623 1817 795 1842 confirmatos.
848 1819 943 1844 Contra
961 1818 1067 1850 quaein
1086 1818 1299 1851 Clytaemnestrae
1321 1818 1406 1843 verbis
1423 1818 1520 1842 formae
1545 1818 1650 1842 Doricae
1674 1817 1793 1850 leguntur
1816 1817 1927 1842 incertae

548 1881 620 1903 sunt3
648 1883 705 1899 nam
723 1885 746 1900 v.
765 1876 831 1904 1456
854 1876 892 1901 ΓΙ.
910 1859 997 1909 γίννίῆἓ
1015 1876 1101 1908 habet,
1112 1885 1136 1900 v·
1155 1878 1218 1904 1551
1237 1876 1275 1901 Fl.
1293 1877 1393 1909 θεμένη
1410 1876 1453 1900 Fa.
1472 1859 1582 1908 θεμένέ,
1612 1876 1648 1901 ita
1665 1881 1695 1901 ut
1712 1884 1726 1900 e
1743 1875 1848 1901 meliore
1866 1875 1927 1901 Flo-

545 1917 640 1942 mutini
657 1918 808 1943 auctoritate
826 1923 936 1952 utroque
949 1918 1006 1944 loco
1023 1918 1108 1944 Attica
1124 1918 1205 1944 forma
1222 1918 1349 1952 antiquior
1366 1918 1491 1943 videatur.
1509 1931 1543 1936 —
