2005 2616
1073 181 1283 211 -36-

447 269 579 311 quidem
604 268 673 298 sine
694 264 858 308 exemplo.
903 263 1054 307 Xenoph.
1077 263 1200 307 Cyrop.
1228 263 1295 304 VII,
1319 266 1350 303 2,
1373 266 1414 297 20
1437 261 1506 296 οὐδὲ
1528 262 1591 308 γάρ
1614 261 1684 297 οὐδὲ
1706 263 1803 297 τοῦτο
1824 263 1913 307 ἐψεύ-

445 331 546 352 σαντο
569 323 601 349 et
624 317 666 348 ibi
691 316 793 347 Born.

552 369 637 399 llaec
659 371 744 405 sunt,
768 375 849 406 quae
871 364 1056 406 scriptionis
1079 363 1159 395 fines
1181 374 1266 395 nunc
1288 374 1421 395 monere
1444 364 1632 404 concedunt,
1654 365 1770 406 quibus
1790 365 1816 396 si
1839 376 1918 396 non-

448 420 535 451 nulla
557 423 642 449 recte
666 415 870 447 constituisse
893 413 1086 456 judicemur,
1124 414 1204 445 alios
1226 414 1367 445 similem
1390 414 1549 445 rationem
1574 420 1669 456 ¹nque
1692 415 1776 446 viam
1799 427 1920 457 sequu—

448 477 499 501 105
522 468 629 500 multo
654 466 745 508 plura
768 465 995 496 emendaturos
1018 464 1230 503 conlidimus3
1260 464 1324 507 ipsi
1347 464 1434 495 enim
1458 469 1489 495 et
1511 465 1545 495 in
1568 470 1708 506 quatuor
1730 464 1781 496 his
1803 465 1921 497 fabulis

449 518 713 561 corruplioribus
736 521 768 547 et
791 516 823 547 in
847 515 959 546 ceteris
982 520 1110 557 praeter
1131 527 1177 553 ea,
1201 525 1283 556 quae
1305 514 1596 557 promulgavimus,
1620 514 1707 546 haud
1729 526 1829 558 pauca
1851 527 1924 548 me-

448 571 586 602 lioribus
610 566 786 610 praecipue
808 565 901 596 libris
924 565 1059 596 ducibus
1081 565 1279 596 restituenda
1302 570 1467 607 put-amm,
1506 564 1565 596 alia
1593 570 1739 608 suspecta
1761 565 1924 599 habemus.

447 621 583 653 Uiinam
612 617 741 648 tandem
772 615 946 657 aliquando
977 616 1010 647 in
1039 614 1146 646 lucem
1178 615 1325 658 prodeat,
1355 626 1453 656 quam
1477 615 1533 645 diu
1556 626 1669 646 omnes
1692 614 1924 652 desiderarunt.

447 672 548 703 editio
570 667 745 710 Aeschylon
768 665 958 705 Hermanni,
991 665 1059 707 qui,
1096 666 1124 697 si
1147 676 1210 708 qua
1232 671 1318 697 recte
1340 665 1497 705 diximus,
1530 675 1570 696 ne
1591 664 1658 707 jam
1682 665 1808 697 dudum
1832 677 1924 697 com—

448 727 540 765 pertu
563 718 722 757 habuerit,
744 717 816 759 jure
838 726 1001 747 veremur.

557 771 711 802 Ceterum
736 767 774 799 ab
796 766 947 797 humanis
969 765 1133 807 judicibus
1155 770 1322 797 excusatos
1345 765 1483 797 velimus
1505 770 1538 797 et
1560 776 1620 796 nos
1640 766 1740 808 ipsos,
1767 766 1806 802 si,
1830 777 1928 807 quam

452 828 545 856 extra
567 820 717 851 ordinem
741 817 943 859 suscepimus
973 816 1195 858 scriptionem,
1223 815 1309 847 haud
1331 815 1371 847 ud
1396 826 1537 857 unguem
1561 816 1757 858 perpolitam
1780 827 1847 847 esse
1869 828 1929 859 ap-

452 872 608 916 paruerit,
638 875 668 901 et
691 867 947 911 typographum,
984 867 1042 908 qui
1064 866 1196 898 metrica
1217 865 1323 908 signa,
1359 866 1477 908 quibus
1502 877 1666 908 nunquam
1690 866 1769 897 dum
1794 866 1823 897 ei
1848 877 1931 909 opus

453 923 578 961 fuerat,
618 930 720 963 quum
750 918 878 950 aliunde
901 928 1088 960 comparare
1113 927 1173 959 per
1201 916 1360 959 temporis
1383 917 1545 958 angustias
1567 927 1634 948 non
1657 915 1776 956 liceret,
1800 917 1932 948 rudiore

455 972 599 1015 quidem,
622 970 677 1004 sed
699 969 775 1001 satis
798 968 911 1001 solerti
934 967 1035 1000 modo
1057 966 1212 1010 supplere
1234 972 1365 999 conatus
1384 972 1442 999 est.
