2005 2616
1098 186 1310 215 —14-

576 268 618 300 Ut
651 268 749 309 igitur
779 268 982 311 paucissimis
1011 268 1118 300 verbis
1147 269 1414 312 complectamur,
1439 271 1471 301 in
1493 270 1599 312 prima
1622 275 1713 313 parte
1737 270 1776 303 de
1799 273 1938 314 antiquis

469 320 741 361 Agamemnoniae
770 319 872 349 caedis
902 320 1013 359 causis,
1042 320 1074 350 in
1103 321 1241 351 secunda
1269 321 1306 351 de
1336 321 1405 363 ipsa
1432 322 1557 352 ratione
1587 322 1699 361 caedis,
1730 322 1764 352 in
1786 324 1878 353 tertia
1902 324 1940 354 de

468 371 517 406 iis,
541 381 620 411 quac
644 370 718 400 inde
742 370 867 400 oritura
889 370 962 409 sint,
987 381 1095 401 sermo
1118 376 1177 402 est.
1242 372 1402 413 Agnoscas
1425 371 1526 414 igitur
1553 372 1767 403 dramaticum
1792 378 1821 403 et
1845 372 1940 404 chro-

468 421 657 462 nologicum
680 421 769 462 quasi
793 421 952 451 ordinem.

573 488 667 519 Talia
696 498 827 529 quoque
857 487 920 519 huc
948 487 1073 520 trahere
1104 488 1188 527 licet,
1224 488 1257 519 in
1287 489 1406 530 quibus
1437 488 1537 520 choro
1568 489 1708 521 trimetri
1739 489 1942 531 tribuuntur,

468 551 534 570 non
556 539 659 581 justae
683 538 835 580 strophae
859 544 914 569 aut
938 545 1122 581 systemata.
1168 539 1214 570 Ita
1238 539 1338 581 Soph.
1363 539 1412 579 Aj.
1437 550 1467 571 v.
1491 540 1553 571 340
1571 551 1659 581 seqq.
1687 539 1716 582 1)
1741 546 1799 572 str.
1824 547 1855 572 et
1877 548 1942 573 ant.

467 590 489 621 (ι’
507 590 667 633 prooemii
684 590 798 627 instar3
822 591 857 627 2)
881 589 982 630 staff
996 596 1024 620 et
1041 588 1068 631 γ’
1091 591 1129 621 de
1153 601 1268 621 vesano
1293 589 1448 629 facinore,
1472 590 1561 631 quod
1584 590 1683 620 modo
1703 597 1943 633 perpetraverat

465 640 630 683 querelae3
655 643 689 679 3)
705 646 768 671 ant.
791 639 822 680 β’
844 645 875 671 et
892 639 919 681 γ’
943 641 1055 671 odium
1070 641 1103 670 in
1119 640 1273 682 Ulyssem
1287 646 1318 672 et
1334 641 1460 671 Atridas
1475 641 1691 683 exprimitur3
1715 641 1747 682 4)
1763 647 1818 672 str.
1835 648 1942 674 etant.

465 693 500 728 δ,
524 702 628 733 quum
651 691 776 722 ultione
799 691 890 733 turpi
912 691 1012 722 modo
1037 692 1077 722 sit
1101 690 1251 732 dejectus,
1275 692 1361 722 mori
1381 692 1480 733 cupit.
1497 709 1539 714 —
1560 691 1599 722 In
1622 691 1846 734 pulcherrimo
1860 695 1943 734 Aga—

466 742 650 774 memnonis
674 747 775 784 partc,
806 752 869 783 qua
900 742 1090 773 Cassandrae
1115 742 1260 773 vaticinia
1284 743 1494 773 continentur
1523 748 1587 772 tres
1617 748 1724 784 partes
1749 743 1941 784 distinguas:

471 795 573 836 1‘)st1·.
597 793 637 830 α’,
657 792 697 833 ῥ’,
718 792 746 834 y'
769 792 944 823 Cassandra
961 793 1121 834 queritur,
1157 793 1245 834 quod
1268 793 1306 823 ab
1323 793 1473 835 Apolline
1496 793 1529 823 in
1552 792 1633 823 lianc
1655 793 1791 824 domum
1809 793 1942 825 deducta

465 847 507 877 sit
526 847 700 885 antiquitus
724 843 827 874 caedis
843 842 973 885 plenam
996 842 1029 885 2)
1054 848 1111 873 str.
1135 842 1169 881 ὅ,
1191 846 1204 875 έ
1228 843 1418 874 vaticinatur
1433 845 1682 885 Agamemnonis
1696 854 1807 875 necem
1831 846 1866 884 3)
1883 850 1939 875 str.

467 895 499 934 ς’,
521 896 545 934 ζ’
569 895 631 926 illis
654 894 806 926 caedibus
828 894 927 925 etiam
949 905 1039 925 suam
1061 897 1160 934 ipsius
1183 904 1390 926 accessuram.

570 979 610 1011 ln
631 978 796 1018 omnibus,
820 989 900 1020 quae
928 977 1126 1009 contulimus
1146 978 1290 1017 canticis,
1320 978 1494 1009 dramatica
1516 977 1641 1009 indoles
1664 978 1756 1009 facile
1779 979 1940 1021 apparuit,

467 1042 567 1074 quam
590 1041 656 1061 non
680 1029 787 1060 solum
811 1030 844 1060 in
867 1029 1102 1061 sententiarum
1125 1029 1251 1067 ordine,
1275 1028 1330 1060 sed
1354 1039 1568 1071 personarum
1592 1029 1688 1061 etiam
1711 1028 1861 1059 moribus
1884 1030 1942 1061 dc-

464 1087 646 1114 monstrare
675 1086 875 1123 poteramus.
941 1080 1090 1111 Notanda
1120 1079 1220 1110 simul
1249 1085 1296 1111 est
1327 1090 1466 1119 summa,
1497 1090 1559 1121 qua
1588 1079 1741 1122 inprimis
1763 1079 1941 1122 Aeschylus

465 1133 605 1171 excellit,
634 1137 671 1162 ut
692 1137 877 1163 metrorum
906 1130 949 1161 ita
972 1131 1215 1168 sententiarum,
1239 1131 1442 1172 symmetria.
1465 1149 1507 1153 —
1529 1130 1650 1161 Eadem
1674 1130 1706 1160 in
1729 1130 1871 1169 cantico,
1902 1131 1940 1162 de

466 1195 534 1226 quo
566 1183 700 1225 agimus,
733 1192 904 1224 agnoscere
933 1181 1018 1220 licet,
1049 1181 1112 1212 nisi
1142 1181 1240 1223 quod,
1265 1181 1390 1212 duabus
1419 1193 1435 1212 c
1459 1192 1550 1212 scena
1572 1181 1718 1223 personis
1741 1191 1815 1211 cum
1839 1180 1940 1212 choro

465 1234 678 1272 cantantibus,
702 1232 808 1274 major
829 1233 863 1264 in
885 1231 947 1263 hoc
970 1243 1020 1262 ars
1043 1232 1253 1274 conspicitur.

569 1318 694 1349 Totum
725 1317 896 1355 canticum,
924 1315 1014 1358 cujus
1037 1317 1249 1358 prooemium
1270 1317 1372 1358 Anap.
1396 1326 1426 1347 v.
1450 1317 1580 1354 304—12,
1605 1315 1769 1357 peroratio
1784 1316 1884 1357 *quasi
1908 1327 1937 1347 v.

464 1372 598 1407 459-71,
633 1369 712 1410 ipsis
743 1368 857 1398 metris
887 1367 921 1397 in
951 1372 1092 1408 quatuor
1120 1366 1259 1407 majores
1282 1371 1388 1409 partes
1423 1366 1634 1407 distinguitur
1671 1366 1703 1403 1)
1727 1376 1756 1396 v.
1781 1369 1939 1399 313—365

463 1423 498 1460 2)
522 1431 552 1450 v.
576 1419 720 1452 374-416
744 1418 776 1460 3)
800 1419 944 1450 417—448
968 1417 1000 1460 4)
1025 1428 1054 1448 v.
1078 1418 1214 1449 449-59.
1258 1418 1386 1448 Primae
1405 1417 1486 1448 duae
1506 1416 1682 1460 anapaestis
1706 1415 1797 1447 chori
1821 1418 1938 1448 arctius

463 1472 549 1502 inter
576 1482 608 1502 se
632 1469 819 1508 cohaerent,
841 1468 923 1500 hanc
945 1469 979 1499 in
1001 1467 1162 1499 formam:

599 1537 607 1553 Ι
677 1536 685 1551 Ι
737 1536 745 1552 Ι
899 1535 907 1551 Ι
968 1535 976 1550 Ι
1028 1535 1036 1551 Ι
1282 1534 1290 1550 1
1526 1535 1534 1550 1
1587 1535 1594 1550 Ι
1655 1535 1661 1548 Ι

656 1555 680 1594 β
722 1567 743 1584 τι
787 1554 847 1585 Α11.
891 1566 912 1594 y
954 1554 979 1592 β
1020 1566 1040 1593 γ
1084 1536 1229 1594 Α11εη).ὁζ
1280 1563 1294 1583 ε
1353 1534 1475 1584 ι’ἳΑη.
1519 1565 1534 1589 ς
1578 1564 1591 1583 ε
1646 1565 1660 1584 ς·

590 1568 611 1586 α

576 1595 758 1628 Or.Ch.El.
789 1595 848 1627 Ch.
873 1594 1058 1626 Or.Ch.El.
1104 1594 1163 1626 Ch.
1197 1593 1384 1626 E1.Ch.O1-.
1414 1594 1472 1625 Ch.
1505 1594 1683 1625 El.Ch.El.

597 1639 739 1671 ψ
812 1637 1035 1676 Χ-Χ-ΛΛ
1218 1635 1430 1673 &tsi-j
1520 1636 1666 1669 Q

569 1705 607 1736 In
628 1703 724 1735 tertia
746 1708 848 1745 parte,
889 1702 928 1733 de
951 1713 1014 1742 qua
1036 1702 1181 1734 maxime
1204 1712 1297 1743 agere
1321 1701 1548 1731 constituimus
1571 1701 1654 1731 nulli
1684 1703 1865 1744 anapaesti3
1902 1703 1933 1733 in

463 1762 576 1799 quarta
593 1754 736 1796 singulae
754 1752 907 1796 strophae
926 1758 957 1783 et
974 1752 1193 1794 antistrophae
1212 1757 1318 1794 partes
1332 1751 1451 1788 Oresti,
1470 1751 1625 1791 Electrae,
1650 1752 1758 1783 Choro
1782 1753 1935 1783 tribuun—

460 1816 526 1846 tur,
556 1818 614 1838 nec
647 1805 733 1843 latet,
768 1804 922 1846 gliscente
957 1802 1132 1834 affectuum
1161 1803 1274 1834 ardore
1303 1802 1382 1833 bene
1412 1803 1559 1844 primum
1588 1808 1773 1845 anapaestos
1796 1804 1934 1834 omissos

464 1870 531 1890 esse
555 1858 605 1900 (ut
626 1858 684 1897 Ag.
712 1858 793 1888 1090
816 1854 909 1886 chori
937 1855 1077 1886 trimetri
1102 1854 1134 1885 in
1159 1853 1276 1895 lyricas
1303 1852 1454 1896 strophas
1478 1852 1669 1894 transeunt),
1702 1859 1774 1884 tum
1799 1854 1932 1895 singulis

464 1909 613 1940 breviora
635 1907 765 1938 tributa.
