2005 2616
719 218 934 248 ...11-

88 301 190 333 altero
220 310 316 332 versu
345 301 384 332 G.
408 303 445 332 A.
475 301 513 332 R.
537 300 656 332 habent
683 302 874 343 λεμιστρίας,
903 312 960 333 nec
984 302 1110 342 dubito,
1139 304 1218 345 quin
1241 304 1328 336 idem
1351 305 1478 348 (saltem
1501 319 1566 340 non

88 351 231 394 vulgata)
253 351 287 382 in
310 351 458 382 Mediceo
486 351 686 393 negligenter
714 352 833 383 collato
856 352 992 393 legatur.
1059 353 1234 385 Turnebus
1258 361 1292 386 nt
1315 356 1390 387 inde
1413 359 1566 391 Graecam

85 413 199 435 vocem
230 402 437 442 extunderet,
467 401 602 434 sortasse
628 413 707 434 voce
723 400 849 446 ’Ἀρειον
871 403 1032 444 inductus,
1055 406 1281 447 πολεμιστριάς
1301 408 1432 449 scripsit
1454 410 1565 442 eadem

85 453 224 492 audacia,
255 463 318 495 qua
348 453 406 493 Ag.
437 463 468 483 v.
492 456 554 485 288
578 464 594 483 e
623 458 778 495 corrupta
801 453 937 485 lectione
961 452 1051 486 ώποῦ
1072 454 1148 485 fecit
1167 453 1326 498 Ὠρωποῦ,
1351 469 1452 499 quum
1476 460 1563 494 Med.

83 503 176 535 Farn.
200 503 372 545 genuinam
396 503 568 534 lectionem
589 502 737 535 Ἀσωποῦ
758 515 825 535 esse
848 504 993 535 doceant.
1017 523 1059 528 —
1081 505 1118 536 In
1142 505 1204 536 hoc
1226 506 1298 538 loco
1315 508 1461 541 Turncbi
1485 522 1564 542 con-

83 555 224 597 jecturae
254 559 285 585 et.
314 565 444 585 sensnm
466 554 511 585 'et
534 560 678 585 metrum
709 553 882 593 adversari,
906 554 970 597 jam
996 555 1148 595 vidimus,
1173 557 1335 589 veriorem
1361 561 1563 592 emendatio-

83 617 158 637 nem
181 611 212 637 et
235 596 413 635 faciliorem
439 605 632 646 IlcsychiuS,
662 615 761 645 quem
790 605 893 636 multa
916 605 1090 647 Aeschylon
1119 612 1227 638 tenere
1250 615 1382 647 constat,
1406 613 1562 654 suppedi-

84 662 127 687 tal.
142 657 175 686 iu
199 656 305 698 glossa
321 666 360 686 ex
380 655 442 686 hoc
460 656 543 698 ipse,
568 655 594 686 si
613 655 692 697 quid
711 654 817 695 video,
840 655 913 687 loco
932 668 1084 699 expressa
1099 659 1324 701 ὶηλεμιστριίες,
1348 662 1560 704 θριμνῃρίας.

82 707 233 748 Corrigas
255 707 361 738 enim:

281 755 393 798 νόμοις
416 758 639 797 ἰηλεμιστριὶις·

81 809 151 839 Jam
180 808 303 846 omnia,
331 818 396 837 non
427 807 535 837 minus
558 818 669 838 sensus
691 818 788 849 quam
812 812 956 839 metrum
980 809 1107 850 egregie
1129 809 1322 852 procedunt.
1349 810 1559 857 Ἰηλεμίστρια

67 859 118 890 ,ab
149 859 322 900 ἰηλεμίζειν,
351 858 438 899 quod
469 857 590 899 legitur
618 869 669 900 ap.
699 858 827 888 Callim.
858 857 899 889 fr.
932 862 991 891 176
1022 859 1154 902 Spanh.‚
1186 860 1247 892 hoc
1276 862 1315 892 ab
1344 862 1470 904 ἰήλεμος
1491 865 1558 898 sive

79 909 217 951 ἰάλεμος,
238 908 467 939 lamentatione
490 908 634 939 saeviore
657 908 738 948 (vid.
757 909 1021 951 Lexicographos
1045 909 1086 941 cs.
1111 922 1127 941 e
1149 912 1278 952 tragicis
1307 914 1422 944 Aesch.
1440 915 1556 957 Suppl.

79 971 110 991 v.
128 963 200 992 107.
215 959 296 990 Eur.
312 958 432 990 Phoen.
452 962 544 991 1034.
569 959 676 990 Orest.
691 963 783 991 1391.
806 960 902 990 Herc.
925 959 992 991 sur.
1018 964 1089 993 109.
1113 961 1228 1004 Suppl.
1246 965 1319 995 281.
1343 963 1464 996 Troad.
1482 969 1556 998 600.

83 1010 188 1052 1304),
212 1009 316 1052 qualis
339 1020 414 1040 cum
436 1009 567 1052 planctu
590 1009 761 1052 conjuncta
783 1016 862 1041 erat.
928 1011 994 1042 Nec
1015 1011 1093 1042 latet
1115 1011 1192 1053 jam,
1216 1024 1275 1044 cur
1297 1014 1421 1046 Κισσία
1444 1017 1556 1057 ὶηλεμί-

78 1073 173 1103 mgna
200 1065 420 1098 memoretur3
453 1061 570 1091 Cissiae
600 1061 688 1092 enim
705 1060 912 1103 ‘lamentandi
940 1067 1008 1093 arte
1038 1062 1179 1105 insignes
1205 1061 1308 1095 fuisse
1335 1065 1486 1097 videntur
1514 1066 1555 1099 cs.

79 1113 162 1144 Pers.
186 1123 216 1144 ν.
241 1114 301 1144 119

206 1164 263 1194 καὶ
284 1160 321 1194 τὸ
344 1162 504 1194 Κίσσινον
525 1159 649 1202 πόλισμ’
674 1160 872 1194 ἀντίδουπον
893 1164 1026 1195 ἔσσεται·

79 1213 134 1245 ubi
162 1211 360 1245 ἀντίδουπον
387 1212 425 1243 de
459 1212 531 1254 ipso
558 1211 690 1254 planctu
720 1212 968 1255 intelligendum
991 1218 1038 1245 est
1060 1212 1104 1246 cf.
1125 1213 1214 1246 Pers.
1244 1217 1317 1248 997.
1346 1217 1436 1249 1005.
1462 1221 1554 1251 1023.

77 1263 179 1307 Soph.
203 1262 253 1305 Aj.
277 1264 339 1294 615
359 1261 571 1305 χερόπληκτοι
595 1264 717 1295 ὑόῦποι·

182 1315 253 1345 Jam
276 1314 376 1355 igitur
398 1324 428 1344 v.
451 1314 525 1345 417.
549 1316 568 1345 8
592 1313 635 1344 ita
657 1319 733 1344 sunt
754 1313 898 1355 legendi:

273 1361 402 1406 ’Έκοψα
424 1362 551 1405 κομμὸν
566 1360 678 1407 ’Ἁριον
699 1364 759 1397 εἴτε
781 1366 922 1403 Κισσίας

277 1413 390 1456 νόμοις
411 1416 633 1456 ὶηλεμιστριῖζς

78 1468 110 1498 in
131 1466 249 1508 quibus
271 1465 405 1496 unicum
429 1465 488 1496 εἴτε
512 1464 649 1496 dubium
663 1465 766 1497 videri
788 1471 906 1508 potest,
928 1477 1113 1508 quanquam
1136 1468 1168 1499 id
1192 1467 1364 1500 defendere
1387 1469 1462 1502 licet
1484 1471 1554 1502 eol-

77 1518 140 1549 lato
164 1515 310 1559 Choeph.
341 1527 369 1547 v.
393 1518 455 1548 988
484 1514 627 1557 μύραινα
649 1514 674 1558 γ’
698 1515 747 1548 εἴτ’
773 1515 862 1558 ἔχιδν’
887 1519 948 1561 ἔφυ
971 1523 1002 1548 et
1026 1518 1074 1556 iis,
1120 1530 1200 1560 quae
1223 1520 1336 1551 Ilerm.
1361 1520 1398 1551 ad
1425 1521 1495 1563 Vig.
1519 1533 1552 1564 p.

76 1569 138 1601 834
162 1567 268 1599 affert.
312 1566 369 1598 Est
393 1567 479 1597 enim
499 1566 639 1608 simplex
663 1567 722 1598 εἴτε
746 1566 826 1608 cjuS,
851 1568 906 1609 qui
931 1568 1035 1599 eidem
1059 1569 1106 1600 rei
1129 1569 1216 1600 aliud
1242 1571 1340 1612 idque
1363 1572 1469 1613 aptius
1492 1583 1554 1603 no-

75 1630 152 1650 men
173 1618 248 1649 dare
271 1616 390 1648 studet.
436 1616 573 1658 Tyruh.
597 1617 726 1648 Schiitz.
750 1618 863 1649 Herm.
887 1618 1010 1650 Blomf.
1033 1618 1113 1658 εἶτα,
1137 1620 1274 1651 Bothius
1296 1623 1330 1653 ἕν
1351 1633 1384 1653 τε
1406 1623 1553 1664 corrigit.

77 1669 112 1700 In
134 1668 308 1712 proximis,
339 1679 420 1709 quae
451 1667 660 1698 Wellaucrus
684 1668 780 1706 dedit,
804 1669 921 1711 probo,
956 1670 1017 1701 nisi
1047 1671 1134 1711 quod
1163 1669 1429 1714 ἀπρικτόπληκτα
1456 1684 1553 1716 prae-

77 1719 247 1752 ferendum
270 1718 399 1750 videtur
422 1729 463 1750 ex
487 1718 632 1760 analogia
656 1719 745 1750 verbi
768 1719 980 1762 πυκτομαχέω
1005 1732 1056 1763 ap.
1080 1721 1226 1753 Suidam.

179 1770 265 1801 Ilaec
295 1769 385 1800 nulla
413 1769 671 1800 antecedentium
703 1775 734 1801 et
757 1771 962 1811 sequentium
985 1772 1110 1803 ratione
1132 1772 1241 1803 habita
1265 1773 1431 1805 emendari
1453 1780 1552 1817 pote-

76 1826 166 1859 rant3
190 1831 294 1862 neque
318 1825 425 1851 tamen
449 1820 619 1862 quomodo
643 1832 678 1851 ea
701 1831 775 1852 eum
795 1822 907 1853 ceteris
926 1822 1127 1862 cohaereant,
1151 1823 1332 1865 intelligere
1349 1835 1455 1866 neque
1478 1837 1552 1856 cor-

78 1877 173 1915 rupta
203 1871 360 1913 quaedam
391 1872 424 1901 in
454 1870 581 1912 reliqua
612 1872 763 1903 carminis
792 1878 884 1914 parte
916 1873 1087 1904 emendare
1116 1873 1200 1913 licet,
1231 1874 1293 1906 nisi
1316 1876 1495 1907 accuratius
1517 1876 1550 1907 in

81 1922 223 1955 indolem
246 1927 277 1952 et
301 1921 450 1953 ordinem
472 1922 573 1952 totius
597 1923 747 1953 carminis
770 1923 985 1964 inquiramus.

185 1972 387 2005 Praeclarum
408 1972 469 2003 hoc
489 1973 651 2003 canticum
670 1984 698 2004 v.
723 1977 866 2007 313-471
890 1975 975 2007 inter
998 1986 1034 2007 ea
1050 1973 1259 2007 referendum
1277 1981 1334 2017 est,
1357 1988 1438 2019 quae
1460 1988 1551 2009 com-

1152 2027 1197 2058 2*
