2005 2616
1095 173 1285 202 -3-

459 256 574 299 Suppl.
587 266 617 287 v.
631 258 692 288 259
705 257 812 297 πέρας,
825 255 913 296 quod
927 255 964 285 G.
975 254 1011 285 R.
1026 254 1407 297 (vid.Blomf.oadAgam.
1417 256 1470 288 Gl.
1484 267 1514 288 v.
1530 259 1616 297 183),
1631 257 1848 300 explicatione
1863 258 1921 290 τοῦ

458 312 604 348 πέρατος.
626 306 733 336 Etiam
756 316 772 336 e
796 305 901 346 glossa
924 305 1106 336 Farncsiani
1129 307 1187 346 Ag.
1210 317 1240 337 v.
1264 307 1327 338 419
1350 307 1409 344 rm}
1429 308 1567 349 καρδίαν
1588 307 1730 347 τήκουσα
1752 309 1922 340 emendare

458 358 530 388 licet
545 354 772 396 τλησικάρδιος,
801 355 889 396 quod
912 366 1007 385 sensu
1030 361 1124 395 caret,
1149 356 1180 386 in
1204 355 1411 397 τηξικάρδιος,
1435 358 1522 397 quod
1542 357 1608 400 jam
1624 357 1785 399 Stanlejus
1806 359 1922 389 voluit.

561 407 620 437 His
664 405 883 447 paucissimis,
924 405 1001 445 quid
1032 405 1071 436 dc
1107 406 1319 447 antiquorum
1356 406 1520 437 librorum
1549 408 1739 439 auctoritate
1778 407 1924 450 judican-

457 458 535 489 dum
572 457 628 493 sit,
671 460 895 496 quantumque
929 454 1012 485 lucri
1043 467 1077 486 ea
1107 456 1285 486 accuratius
1317 457 1493 497 ponderata
1521 458 1561 488 ad
1590 457 1785 500 Aeschylum
1814 469 1925 490 emen—

457 507 598 538 dandum
630 505 734 536 facere
763 506 937 547 possimus,
968 505 1108 536 indicare
1132 507 1242 547 potius
1270 505 1436 537 voluimus
1460 517 1556 548 quam
1580 507 1810 539 demonstrare.
1876 509 1926 540 Ne

455 557 550 600 plura
574 557 612 587 de
634 555 691 586 hac
715 567 750 585 re
773 555 977 597 disputemus
999 556 1182 597 scriptionis
1213 555 1309 597 hujus
1340 557 1479 587 ambitus
1504 557 1618 595 obstat,
1643 568 1828 598 quanquam
1849 559 1925 601 plu-

456 609 540 639 rima
568 606 686 637 similia
715 605 822 636 afferri
851 610 1012 646 poterant⁷
1042 606 1197 647 pauciora
1227 607 1371 647 quidem,
1396 607 1429 637 in
1452 606 1570 648 quibus
1593 607 1663 648 ipsa
1684 608 1861 639 meliorum
1884 609 1925 639 li·-

455 658 594 688 brorum
617 656 710 687 lectio
735 654 916 696 adoptanda
939 661 995 690 est,
1024 655 1131 697 plura,
1154 656 1211 686 ubi
1234 668 1251 687 c
1275 662 1428 699 corrupta
1451 667 1566 687 eorum
1594 656 1730 688 lectione
1753 659 1924 699 genuinam

453 712 567 751 poti-tae
589 717 726 737 manum
748 705 840 736 aliter
864 710 957 745 atque
978 706 1010 735 in
1034 706 1159 747 vulgata
1181 705 1305 737 factum
1328 712 1385 747 est,
1407 707 1576 739 restituere
1598 706 1683 738 licet.
1750 708 1924 752 Complura

455 758 523 799 ejus
551 757 674 800 generis
697 756 731 786 in
758 755 964 796 sequentibus
987 756 1108 797 passim
1129 758 1344 799 reperientur.

1071 849 1245 879 CAPUT
1266 850 1311 879 II.

523 910 610 945 Duo
647 908 826 953 Aeschyli
864 908 1010 944 cantica
1044 910 1318 944 sententiarum
1356 908 1500 945 ordinis
1534 910 1683 945 ratione
1717 909 1846 945 habita

1056 967 1316 1002 emendantur.

560 1034 590 1075 1)
617 1030 764 1073 Choeph.
786 1041 816 1063 v.
838 1032 901 1064 417
923 1043 1012 1073 seqq.
1036 1031 1138 1062 well.

556 1083 635 1115 Inde
659 1094 676 1113 a
698 1081 857 1113 Turnebo
881 1083 1013 1112 initium
1030 1081 1127 1123 hujus
1142 1081 1293 1124 strophae
1310 1082 1344 1113 in
1357 1081 1509 1114 omnibus
1523 1082 1717 1114 editionibus
1731 1082 1773 1114 ita
1787 1082 1921 1125 legitur:

613 1130 735 1173 ’Έκοψε
758 1130 884 1173 κομμὸν
899 1129 1026 1174 ‘''Apezov
1048 1132 1107 1164 εἴτε
1129 1133 1269 1169 Κισσίας

618 1182 746 1224 νόμοισι
768 1183 1000 1223 πολεμιστρίας·

449 1237 512 1267 nisi
543 1233 633 1276 quod
661 1232 818 1263 nonnulla
846 1233 943 1263 metri
966 1243 1066 1269 causa,
1090 1238 1253 1274 praeterea
1277 1231 1336 1264 εἴτε
1359 1244 1376 1263 a
1399 1232 1534 1275 Tyrwh.
1563 1232 1636 1264 sch.
1660 1233 1773 1264 Herm.
1797 1233 1829 1264 in
1853 1232 1920 1265 εἶτα

448 1291 615 1317 mutatum
634 1288 690 1314 cst.
735 1282 843 1324 Major
864 1287 973 1314 tamen
997 1282 1186 1314 VVellauero
1210 1282 1396 1325 corruptela
1418 1284 1520 1314 inesse
1542 1283 1681 1323 videtur,
1705 1283 1764 1315 εἴτε
1781 1284 1920 1320 Κισσίας

448 1338 545 1367 unius
572 1332 721 1366 ‘vocabuli
742 1331 922 1374 fragmenta
942 1332 1108 1374 judicanti,
1133 1333 1220 1374 quod
1249 1344 1267 1364 a
1287 1333 1417 1364 nemine
1439 1333 1519 1364 dum
1540 1334 1663 1365 Κισσία
1685 1333 1741 1364 illa
1762 1334 1836 1365 satis
1859 1345 1918 1365 ex-

446 1386 564 1429 plicata
587 1385 639 1415 sit.
693 1382 920 1414 Blomfieldius
949 1394 1078 1425 quoque
1106 1383 1188 1413 nihil
1216 1395 1249 1414 se
1272 1383 1311 1414 de
1334 1383 1443 1414 Cissiis
1471 1383 1690 1414 bellatricibus
1713 1389 1917 1426 compertum

446 1436 566 1468 habere
594 1432 778 1477 profitetur,
809 1443 994 1475 quanquam
1022 1433 1159 1464 Bothius
1188 1432 1386 1475 Aeschylum
1414 1432 1513 1465 talem
1535 1433 1733 1465 bellatricem
1766 1434 1919 1475 cogitasse

448 1487 630 1524 arbitratur,
663 1484 767 1525 qualis
794 1482 860 1514 fuit
887 1483 1061 1515 Artemisia
1091 1484 1170 1523 (11).
1226 1484 1337 1514 Potuit
1365 1495 1439 1515 sane
1463 1484 1496 1514 in
1516 1495 1556 1515 eo
1579 1484 1716 1523 offendi3
1741 1485 1917 1515 accuratius

446 1543 557 1568 tamen
585 1535 686 1565 totius
714 1534 780 1564 loci
809 1534 1001 1565 sententiam
1030 1534 1287 1564 considerantem
1315 1534 1411 1564 etiam
1442 1534 1543 1575 magis
1574 1534 1751 1575 intelligere
1774 1539 1915 1576 oportet,

447 1587 524 1618 hacc
547 1585 653 1625 verba,
676 1589 713 1614 ut
734 1594 821 1615 nunc
839 1583 1003 1625 leguntur,
1027 1594 1140 1614 sanum
1165 1594 1294 1615 sensum
1317 1595 1382 1614 non
1405 1584 1569 1625 praebere.
1612 1584 1655 1615 Et
1677 1584 1752 1616 haec
1774 1585 1861 1616 enim
1885 1590 1915 1615 et

446 1638 614 1678 sequeutia
637 1645 740 1676 usque
763 1634 801 1665 ad
823 1632 987 1666 ἀνέκαθεν
1010 1634 1047 1665 ab
1071 1634 1221 1665 omnibus
1245 1634 1472 1676 intelliguntur
1493 1634 1532 1664 de
1555 1634 1809 1675 Clytaemnestra
1830 1636 1915 1676 Aga-

447 1696 659 1719 memnonem
680 1684 871 1723 trucidante,
894 1685 928 1714 in
947 1684 1063 1725 quibus
1079 1682 1342 1725 ιέπρικτόπληκτα
1365 1689 1396 1714 et
1417 1682 1648 1723 πολυπλάνητα
1670 1682 1833 1726 ὀρέγματα
1854 1685 1912 1716 vix

446 1744 519 1779 apte
549 1736 588 1767 de
618 1735 732 1766 ictibus
756 1734 929 1766 occidentis
954 1734 1100 1765 dicantur
1112 1737 1162 1774 '‘)‚
1200 1735 1327 1766 etiamsi
1345 1734 1490 1765 nolimus
1516 1745 1646 1776 urgere,
1687 1739 1753 1766 tres
1782 1734 1911 1777 Clytae-

480 1825 501 1857 ')
527 1824 615 1855 Neque
641 1825 725 1854 Agam.
743 1831 767 1845 τ.
787 1823 851 1848 1081
870 1822 997 1855 προτείνει
1015 1821 1043 1846 δὲ
1059 1820 1119 1856 χεῖρ’
1141 1822 1168 1846 ἐκ
1183 1821 1271 1855 χειρὸς
1289 1820 1430 1855 ὂρεγομένα
1448 1825 1517 1845 recte
1534 1820 1630 1845 scholia
1647 1821 1750 1853 sequuti
1768 1822 1799 1845 de
1816 1821 1908 1846 ictibus

529 1856 637 1880 letiferis
660 1857 879 1888 interpretantur3
909 1856 997 1880 ordine
1021 1857 1086 1880 enim
1107 1856 1261 1879 Cassandrae
1279 1856 1331 1879 visa
1358 1855 1512 1887 procedi-inu
1539 1854 1580 1878 hic
1597 1859 1682 1878 mente
1707 1855 1830 1887 conspicit
1848 1855 1908 1887 (315-

528 1894 707 1914 memuestram
724 1889 840 1912 maritum
858 1889 924 1913 malo
944 1889 1003 1913 dolo
1021 1889 1116 1913 balneis
1136 1889 1302 1921 excipientem
1316 1894 1340 1912 et
1348 1896 1442 1912 summa
1457 1896 1516 1913 cura
1531 1888 1667 1919 foventem,
1693 1887 1783 1913 deiude
1800 1897 1824 1913 v.
1843 1890 1908 1916 1085

527 1923 603 1956 peplo
622 1922 693 1946 fatali
711 1922 877 1953 irretientem?
895 1927 1023 1955 postremo
1042 1931 1065 1947 v.
1085 1924 1150 1950 1096
1174 1922 1256 1947 securi
1274 1922 1425 1947 caedentem.
