2005 2616
1136 147 1346 176 „122

507 236 600 267 muni
623 234 755 265 nomine
777 234 897 274 κομμοὶ
919 231 1135 275 appellantur,
1160 227 1244 263 int‘er
1267 242 1376 263 scenae
1399 242 1553 274 personas
1582 237 1613 262 et
1636 232 1772 263 chorum
1797 232 1978 262 distributa.

509 287 578 317 Jam
608 286 717 326 ipsum
755 294 875 314 nomen
906 283 981 313 satis
1011 283 1139 320 indicat,
1175 293 1254 323 quac
1283 283 1400 312 cantica
1433 283 1571 324 proprio
1601 293 1695 313 sensu
1725 284 1844 323 κομμοὶ
1873 283 1979 313 vocari

509 336 644 378 possint,
669 345 703 365 ea
726 339 846 375 aperte,
870 334 903 363 in
927 332 1047 374 quibus
1064 332 1310 363 lamentationes
1333 343 1407 362 cum
1431 332 1561 374 planctu
1587 333 1795 363 continemur
1818 331 1872 375 (cf.
1885 333 1981 363 Arist.

510 387 595 417 Poet.
628 396 653 415 c.
685 388 722 415 12
753 381 876 425 κομμὸς
903 384 934 415 δὲ
966 384 1091 424 θρῆνος
1119 380 1226 419 κοινὸς
1252 383 1353 424 χοροῦ
1381 384 1435 413 καὶ
1465 380 1531 413 ἀπὸ
1562 383 1705 422 σκηνῆς),
1736 381 1828 423 cujus
1857 383 1983 424 generis

511 436 594 478 apud
623 434 819 475 Aeschylum
849 439 925 464 sunt
947 434 1036 475 Sept.
1067 444 1095 463 v.
1126 434 1283 464 856-995.
1306 433 1392 463 Pers.
1417 432 1555 465 895-fin.
1578 451 1620 455 —
1642 434 1684 464 At
1705 433 1739 463 iu
1761 432 1879 464 talibus
1902 444 1983 475 quae

510 485 593 516 nihil
616 485 678 515 nisi
702 484 890 526 ejulationes
914 495 1011 525 quam
1040 484 1185 514 maxime
1208 483 1428 514 lamentabiles
1452 483 1731 525 complectuntur,
1771 484 1826 514 vix
1850 483 1888 514 de
1910 495 1984 514 sen·

512 536 685 566 tentiam-um
710 535 824 566 ordine
847 535 960 576 quaeri
985 539 1100 576 potest.
1166 533 1368 565 Referuntur
1390 539 1498 564 aulem
1526 534 1611 564 inter
1632 544 1780 564 commos
1803 534 1900 565 etiam
1923 534 1983 565 alia

511 587 662 624 carmina,
692 585 810 627 quibus
841 596 907 615 non
939 584 1036 615 dolor
1063 589 1191 615 tantum
1214 584 1269 615 scd
1297 584 1351 615 alii
1373 583 1505 615 affectus
1528 584 1772 626 exprimuntur,
1801 584 1984 626 quibusque

510 640 606 679 poeta
635 636 737 677 magis
761 646 978 678 pcrsonarum
1002 646 1109 666 mores
1139 634 1302 677 explicare
1322 646 1418 676 qnam
1442 635 1552 676 ipsum
1580 634 1901 666 vehementissimum
1924 635 1985 666 do-

510 688 627 725 lorem,
659 686 786 727 qualem
817 686 905 727 gravi
934 685 1044 726 aliquo
1072 685 1159 716 malo
1188 691 1318 727 accepto
1348 685 1487 727 prodere
1515 685 1631 724 solent,
1661 690 1821 717 ostentare
1853 691 1986 717 conatus

512 743 569 769 est.
614 737 652 768 In
676 736 733 767 tali
757 737 898 767 carmine
923 741 1171 767 consentaneum
1196 741 1241 766 cst
1264 747 1339 767 cum
1362 736 1595 766 sententiarum
1613 735 1762 767 ordinem
1785 746 1863 775 esse,
1886 747 1984 777 quem

511 800 562 819 res
589 787 743 830 postulat,
772 793 809 818 ut
839 787 958 818 diversi
989 786 1122 817 affectus
1144 792 1272 817 servent
1296 787 1455 825 ordinem,
1487 797 1552 827 quo
1577 786 1610 816 in
1632 792 1763 828 pectore
1785 786 1929 817 humano
1952 798 1984 818 sc

512 839 662 880 excipere
691 837 806 868 solent.
874 838 1072 878 Quanquam
1103 837 1190 868 enim
1221 837 1252 867 in
1284 836 1394 879 lyricis
1423 836 1619 867 carminibus
1653 837 1783 868 eaedem
1812 838 1985 869 sentcntiae

512 890 601 920 vario
631 889 730 919 modo
762 888 892 930 disponi
922 893 1074 930 possunt,
1112 887 1267 929 dialogica
1299 892 1408 918 tamen
1439 886 1548 917 forma
1576 886 1700 928 ubique
1729 887 1798 918 fem
1820 888 1984 919 dramatici

512 940 589 981 quid
619 944 733 977 serrat,
767 938 799 969 id
833 938 921 980 quod
950 949 1048 979 aeque
1079 938 1110 968 in
1139 937 1281 968 Platonis
1311 938 1446 979 dialogis
1477 943 1572 979 atque
1601 937 1633 967 iu
1662 937 1830 968 Theocriti
1863 938 1986 980 idylliis

513 989 677 1031 dialogicis
707 994 761 1019 aut
793 999 923 1030 quoque
953 989 1093 1019 carmine
1124 988 1296 1018 amocbaeo
1327 993 1471 1031 apparet.
1537 988 1739 1019 Dramaticus
1773 993 1881 1019 autem
1904 989 1986 1019 ordo

513 1041 539 1070 is
563 1045 619 1076 est,
645 1051 709 1081 quo
733 1039 877 1081 singulae
901 1039 949 1070 vel
973 1051 1024 1070 res
1043 1044 1148 1080 gestae
1172 1038 1222 1069 vel
1245 1038 1376 1069 affectus
1399 1040 1442 1069 ita
1464 1050 1497 1069 se
1520 1039 1693 1080 excipiant,
1717 1045 1753 1069 ut
1775 1038 1855 1070 alter
1877 1051 1915 1070 cx
1941 1040 1987 1070 :d—

514 1096 583 1122 tero
608 1096 700 1120 natus
725 1096 780 1120 cst.
826 1090 873 1120 Ita
896 1090 1007 1120 Horat.
1033 1090 1140 1119 Carm.
1164 1089 1220 1127 ΠΙ,
1245 1092 1275 1128 9,
1298 1095 1335 1120 ut
1358 1089 1512 1131 exemplo
1534 1100 1585 1120 res
1608 1089 1709 1130 magis
1732 1089 1905 1125 illucesca',
1929 1096 1985 1120 str.

516 1146 543 1172 1.
574 1144 595 1172 2
618 1152 776 1176 amorem,
805 1146 861 1170 str.
887 1144 916 1172 3.
940 1142 959 1171 4
989 1140 1080 1170 litem
1105 1140 1295 1174 amantium,
1326 1145 1383 1170 str.
1417 1142 1447 1172 5.
1472 1143 1490 1171 6
1513 1140 1807 1171 reconciliationem
1832 1141 1985 1183 depingit.

513 1192 623 1222 drama
647 1191 677 1221 in
703 1196 804 1221 arctos
819 1191 970 1221 carminis
995 1190 1074 1220 fines·
1098 1195 1253 1222 coactum.
1284 1190 1390 1220 Simili
1413 1190 1514 1220 modo
1533 1190 1566 1220 in
1588 1190 1741 1221 omnibus
1760 1190 1826 1222 sere
1840 1193 1986 1224 commis.

513 1242 570 1283 qui
593 1240 705 1283 paullo
731 1240 889 1282 majorem
913 1240 1032 1271 habent
1055 1241 1226 1279 ambitum,
1250 1241 1483 1270 sententiarum
1503 1239 1585 1270 ordo
1610 1241 1635 1270 is
1659 1246 1716 1279 cst,
1740 1252 1836 1282 quem
1861 1241 1986 1273 drama—

513 1293 614 1323 ticum
638 1302 750 1322 x‘ocare
779 1291 863 1321 licet.
909 1292 1070 1322 Praeterea
1094 1296 1207 1321 notatu
1232 1291 1368 1331 dignum
1393 1295 1451 1330 est,
1478 1290 1619 1331 singulas
1642 1292 1813 1322 sententias
1836 1292 1987 1335 stropha-

513 1353 589 1373 rum
621 1342 744 1372 ambitu
774 1342 921 1372 discerni.
988 1341 1159 1383 Exemplis
1188 1341 1353 1371 nonnullis
1383 1352 1434 1372 res
1460 1341 1641 1383 apparebit.
1707 1341 1744 1372 In
1766 1341 1986 1384 pulcherrimo

514 1394 647 1431 cantico,
672 1393 756 1423 inter
779 1392 941 1423 Electram
973 1397 1004 1422 et
1027 1391 1174 1422 Chorum
1199 1392 1372 1422 distributo
1396 1391 1497 1433 Soph.
1521 1392 1639 1422 Electr.
1663 1402 1692 1422 1--
1721 1396 1780 1424 120
1801 1404 1890 1434 seqq.
1913 1405 1987 1424 scn-

513 1444 631 1474 tcntiae
662 1442 700 1473 ab
729 1442 855 1473 Electra
884 1442 1038 1485 prolatae,
1070 1453 1148 1484 quas
1177 1441 1304 1473 Chorus
1332 1441 1494 1473 horlando
1518 1443 1606 1483 quasi
1630 1442 1725 1481 elicit,
1748 1442 1834 1474 hunc
1858 1445 1889 1474 in
1912 1455 1986 1475 nio—

514 1494 592 1524 dum
615 1493 812 1535 procednnt:
977 1524 984 1537 Ι

621 1545 653 1582 1)
676 1542 801 1586 stroph.
826 1549 857 1574 et
879 1548 942 1574 ant.
968 1555 1006 1575 a:
1033 1554 1200 1585 nunquam
1231 1554 1265 1574 se
1292 1543 1331 1574 de
1353 1544 1454 1586 patris
1477 1544 1598 1574 misero
1628 1542 1696 1574 fato
1729 1543 1897 1576 lamentari
1930 1544 1985 1576 de-

514 1595 663 1625 stituram
684 1605 761 1625 csse.
982 1625 989 1639 '

618 1644 651 1684 2)
676 1643 803 1687 stroph.
828 1650 859 1676 et:
882 1650 945 1675 ant.
968 1645 1007 1685 βπ
1037 1644 1133 1675 etiam
1164 1655 1256 1675 suam
1284 1644 1386 1686 ipsius
1419 1644 1639 1675 conditionem
1669 1645 1813 1676 maxime
1842 1656 1908 1677 csse
1938 1645 1985 1677 la—

514 1695 732 1727 mentabilem.
984 1726 991 1740 1

619 1745 651 1787 3)
675 1745 801 1787 stroph.
827 1750 857 1775 et
886 1750 950 1775 ant.
973 1758 1010 1786 γε
1034 1748 1064 1785 3)
1090 1756 1157 1775 sese
1181 1751 1304 1787 optare,
1328 1745 1430 1786 utqui
1446 1750 1572 1787 patrem
1592 1743 1779 1776 foedissime
1802 1747 1982 1778 trucidave-

512 1797 587 1835 rint,
623 1795 691 1837 ejus
720 1795 874 1827 facinoris
903 1795 1075 1837 aliquando
1107 1796 1181 1826 dont
1210 1807 1342 1838 poenas.
1367 1795 1402 1835 b)
1425 1796 1533 1836 etiam,
1562 1806 1644 1837 quae
1666 1796 1734 1838 ipsa
1757 1807 1909 1839 perpessa
1931 1798 1982 1832 sit,

511 1846 622 1877 odium
645 1857 743 1877 suum
767 1847 916 1878 excitare.
