2005 2616
756 222 948 252 -5-

112 307 204 338 dinae
227 311 371 337 monstra
393 305 488 337 irrito
508 305 618 337 labore
642 305 814 337 emendare
837 311 982 345 conatur,
1017 316 1135 348 paucae
1165 306 1408 338 emendationes
1439 308 1589 339 Turnebi

111 357 241 398 ingenio
264 357 377 398 dignae
399 357 620 398 reperiuntur.
664 357 832 387 Lectiones
854 357 960 387 variae
984 357 1015 387 in
1034 356 1117 388 calce
1136 356 1213 388 libri
1231 357 1356 390 additae
1371 358 1409 389 ad
1427 357 1482 390 has
1503 364 1589 390 certe

111 413 252 449 quatuor
273 407 453 448 tragoedias
476 406 746 449 corrigendorum
772 407 872 437 instar
893 412 979 438 sunt.

223 459 382 489 Victorius
404 458 439 488 in
460 456 660 499 praefatione
682 469 714 489 sc
738 458 884 489 Mediceo
909 458 1018 489 codice
1043 468 1137 488 usum
1161 469 1228 489 esse
1251 458 1402 498 affirmat,
1426 464 1590 502 praetcrea

111 508 151 540 ad
173 509 453 550 Agamemnonem
482 508 563 539 duos
593 507 673 538 alios
702 508 883 539 adhibuisse
914 510 1012 549 (quos
1041 508 1267 539 Florentinum
1298 515 1329 541 et
1358 510 1590 542 Farnesianum

110 559 211 590 fuisse
233 564 361 590 certum
383 554 537 598 videtur).
580 559 623 589 At
645 569 832 600 quanquam
855 564 886 590 et
909 559 977 601 ipsc
1001 564 1032 590 ct
1055 558 1235 601 Stephanus
1260 560 1299 591 dc
1322 560 1468 591 Mediceo
1494 572 1587 592 usur-

109 615 187 653 pato
210 608 381 651 magnifice
403 609 597 650 loquuntur,
621 609 786 640 rarissime
810 614 916 640 tamen
940 610 1175 640 eoYictorium
1198 621 1296 641 usum
1321 622 1387 641 esse
1411 610 1505 643 facile
1529 622 1587 654 ap-

109 665 212 704 paret.
259 660 343 691 Nam
366 660 400 690 in
421 660 534 700 Agam.
559 659 705 702 Choeph.
723 659 848 702 Suppl„
872 671 952 701 quae
976 661 1100 691 diversa
1122 660 1217 691 habet
1241 672 1257 691 a
1279 661 1446 702 prioribus
1469 662 1587 693 editio*

110 711 216 752 nibus,
239 722 275 742 ca
296 710 406 741 omnia
428 709 497 741 sere
519 709 650 741 haurire
671 711 780 752 potuit
803 722 819 742 e
842 710 935 742 Fax-n.
959 711 1047 741 Flor.
1071 716 1101 742 ct
1124 710 1225 742 schol.
1242 711 1336 749 Rob„
1360 717 1415 743 aut:
1431 713 1586 743 minutis-

109 762 191 793 sima
212 766 288 793 sunt
311 760 350 792 ad
373 759 641 802 orthographiam
663 761 859 803 plerumque
882 762 1072 803 spectantia3
1098 761 1130 791 in
1154 761 1402 800 Eumeffldibus,
1427 763 1464 794 ad
1488 773 1588 804 quam

110 811 255 844 fabulam
279 811 456 842 Florentini
478 811 614 849 nullam,
637 811 819 842 Farncsiani
840 823 959 853 parum
983 817 1163 842 accuratam
1186 812 1394 844 collationem
1419 813 1586 853 habemus,

110 863 236 905 saepius
264 861 468 893 victorianae
498 861 645 892 lectionis
672 861 747 892 sons
776 862 916 893 incertus
940 868 995 893 est.
1023 881 1066 885 —
1098 862 1135 892 In
1163 862 1316 904 plurimis
1344 863 1586 895 Turnebianam

111 919 165 945 aut
187 913 424 944 Farnesianum‘
441 913 601 953 sequitur.
668 912 783 944 Variae
812 912 966 944 lectiones
995 912 1149 954 Stephani
1178 913 1358 944 maximam
1385 919 1515 956 partem
1544 925 1587 945 ex

110 964 307 996 editionibus
330 963 570 1005 antiquioribus
601 962 730 994 haustae
759 969 851 1003 sunt,
884 963 1078 1006 paucissima
1100 963 1281 1002 codicibus,
1319 963 1477 996 nonnulla
1507 974 1587 996 con-

108 1015 250 1058 jecturae
279 1014 448 1045 debentur.

217 1066 345 1096 Scholia
367 1064 496 1106 primus
518 1063 726 1095 Robortellns
750 1064 851 1096 edidit
873 1065 1057 1107 separatim,
1085 1075 1268 1106 eorumque
1290 1064 1442 1097 lemmata
1464 1066 1587 1108 passim

109 1117 147 1148 ab
165 1115 308 1148 editione
321 1114 516 1151 RoborteHi,
540 1115 737 1157 plerumque
760 1127 870 1147 errore
893 1115 1143 1158 typographim,
1169 1115 1379 1157 discrepantia
1402 1116 1488 1147 haud
1511 1127 1587 1147 raro

109 1166 335 1198 Tui-nebianae
364 1165 543 1197 lectionum
578 1164 653 1196 fons
688 1171 774 1196 sunt.
838 1166 983 1197 Omnino
1018 1177 1060 1197 ex
1091 1165 1139 1196 his
1169 1166 1311 1207 antiquis
1339 1165 1470 1198 scholiis
1498 1166 1586 1198 haud

108 1218 203 1260 pauci
234 1217 300 1247 loci
325 1221 413 1247 recte
435 1215 596 1246 emendati
620 1221 704 1246 sunt.
728 1234 770 1240 «-
792 1216 932 1247 Mutavit
959 1215 1116 1247 nonnulla
1144 1221 1175 1247 et
1208 1227 1302 1258 saepe
1333 1217 1466 1258 quiden]
1503 1216 1588 1249 male

110 1267 288 1307 Victorius,
324 1266 385 1298 alia
408 1266 540 1306 addidit,
577 1277 659 1307 quae
681 1277 784 1307 quum
807 1266 931 1308 glossae
955 1267 1175 1298 interlineares
1206 1272 1238 1298 et
1266 1267 1456 1308 marginales
1485 1266 1587 1299 fuisse

107 1318 288 1357 videantur,
318 1316 439 1348 nullius
462 1316 597 1347 omnino
621 1322 697 1347 sunt
718 1318 827 1359 pretii.
877 1317 1020 1348 Nonulla
1042 1316 1180 1347 sortasse
1204 1317 1266 1359 ipsi
1290 1318 1437 1348 Victorio
1467 1318 1588 1349 deben-

106 1377 174 1401 tur.
239 1368 287 1399 Ita
309 1367 404 1399 initio
427 1367 622 1409 Supplicum
644 1366 721 1398 haec
744 1366 865 1398 scholia
889 1379 939 1410 ap.
964 1368 1047 1398 Vict.
1077 1373 1292 1398 accesserunt:
1325 1378 1354 1399 v.
1375 1372 1400 1400 1.
1424 1366 1583 1412 cicst'nrwp}

105 1420 219 1452 ἱκετῶν
239 1420 368 1461 ἔφορος.
397 1428 427 1449 v.
453 1421 500 1449 12.
523 1415 730 1459 στασίαρχοςΙ
755 1418 813 1456 τῆς
834 1417 1016 1455 συστάσεως
1040 1416 1130 1458 ἡμῶν
1152 1415 1269 1459 ἅρχων.
1293 1418 1337 1448 ib.
1361 1419 1582 1461 πεσσοιόμῶνΙ

104 1467 169 1502 ὑπὸ
190 1467 314 1501 τούτων
334 1467 544 1510 λογιζόμενος.
568 1478 597 1498 v.
621 1471 673 1500 41.
697 1466 822 1510 πόρτιιἸ
848 1465 952 1505 ἄλλως
972 1465 1031 1500 τὸν
1050 1465 1204 1512 ’Έπαγον
1235 1468 1337 1509 (deest
1360 1468 1392 1499 in
1417 1468 1584 1511 Guclph.).

105 1531 136 1552 v.
159 1521 212 1552 42.
234 1517 388 1561 τιμάοραΙ
411 1515 553 1559 βοηθὸν.
596 1518 705 1548 Etiam
727 1519 892 1550 breviores
915 1519 1050 1560 glossae,
1073 1529 1153 1560 quas
1175 1518 1343 1549 Buttlerns
1363 1519 1401 1549 ad
1424 1519 1584 1550 Eumeni-

106 1570 174 1610 des,
204 1570 311 1601 nescio
339 1569 436 1608 unde,
466 1568 616 1612 praebet,
649 1568 774 1610 glossae
797 1568 982 1600 Farnesiani
1011 1574 1044 1601 et
1071 1568 1353 1611 Guclpherbytani
1380 1569 1491 1601 critico
1516 1580 1585 1602 non

105 1621 240 1652 omnino
263 1619 404 1651 inutiles.

209 1670 300 1702 Inter
321 1669 446 1701 codices
469 1669 569 1711 igitur
591 1668 774 1710 medicans,
815 1669 1133 1713 Guelphcrbytanus,
1166 1670 1430 1703 Robortellianus
1461 1673 1582 1713 (quan-

104 1732 203 1764 quam
226 1722 265 1753 de
288 1731 327 1752 eo
348 1731 444 1762 saepe
465 1731 530 1751 non
556 1719 704 1762 constat),
734 1720 855 1763 Regius
884 1721 910 1752 L
932 1732 974 1753 ex
997 1720 1114 1752 eodem
1138 1732 1242 1763 eoque
1267 1722 1352 1753 bono
1375 1721 1468 1754 fonte
1491 1722 1582 1754 deri-

103 1773 168 1804 vati
190 1777 277 1812 sunt,
301 1775 332 1803 et
353 1770 465 1802 ultimi
488 1771 620 1812 quidem
643 1771 708 1802 duo
732 1772 844 1803 ceteris
867 1772 969 1813 magis
999 1772 1084 1803 inter
1114 1783 1148 1803 se
1177 1773 1314 1814 cognati.
1344 1773 1422 1814 Reg.
1451 1772 1488 1811 L,
1524 1772 1582 1804 ubi

103 1823 200 1855 ceteri
213 1821 370 1864 corrupti,
395 1822 452 1853 vix
473 1821 542 1852 ullo
559 1821 632 1852 loco
656 1822 776 1853 bonam
798 1821 970 1853 lectionem
996 1822 1138 1864 praebet,
1161 1834 1255 1865 saepe
1277 1822 1393 1854 insulsi
1415 1833 1580 1864 gramma-

101 1873 158 1905 tici
180 1873 313 1915 vestigia
335 1872 441 1903 habet.
506 1872 688 1903 Robortelli
710 1872 795 1904 liber
815 1873 918 1904 bonae
940 1878 1034 1904 notae
1057 1872 1131 1911 fuit,
1165 1874 1227 1904 nisi
1250 1873 1339 1914 quod
1363 1873 1579 1904 correctiones

102 1924 222 1967 passim
244 1924 371 1962 insunt3
404 1922 463 1954 ubi
486 1933 561 1953 cum
583 1922 728 1954 Medieeo
751 1924 924 1965 conspirat,
953 1923 1049 1955 lectio
1072 1923 1192 1965 ubique
1214 1922 1284 1955 fere
1307 1923 1473 1965 antiquior
1495 1928 1580 1955 cete-

103 1974 146 2005 ris
173 1973 324 2017 putanda.
390 1972 697 2017 Guelpherbytanus
724 1975 851 2018 saepius
885 1984 962 2006 cum
997 1974 1144 2006 Mediceo
1173 1973 1272 2006 ctiam
1300 1973 1402 2006 malas
1424 1973 1578 2006 lectiones
