2005 2616
142 884 206 924 De
239 884 372 926 causis
396 885 645 942 'quibusdam
678 884 877 941 Aeschyli
908 885 1091 925 nondum
1123 883 1223 925 satis
1255 884 1477 926 emendati.

75 993 211 1057 Quum
234 1011 444 1054 Aeschylum,
468 1022 509 1042 ex
534 1021 599 1053 quo
622 1016 771 1053 tempore
794 1009 941 1053 primum
964 1011 997 1041 in
1021 1021 1058 1041 eo
1082 1010 1217 1053 legendo
1240 1016 1382 1042 versatus
1404 1021 1487 1049 sum,
1511 1011 1545 1041 in

75 1066 142 1098 dies
164 1063 266 1105 magis
289 1063 497 1102 adamassem,
522 1074 637 1104 neque,
660 1061 749 1104 quod
773 1067 939 1104 supererat
963 1062 1039 1102 otii,
1077 1061 1195 1092 melius
1225 1072 1263 1093 eo
1291 1072 1346 1092 me
1374 1062 1423 1092 uti
1450 1073 1544 1104 posse

74 1115 246 1148 arbitratus
269 1124 382 1151 essem,
421 1124 519 1154 quam
543 1118 579 1143 ut
602 1112 649 1143 illi
674 1113 724 1144 vel
748 1112 957 1154 intelligendo
981 1111 1032 1143 vel
1055 1112 1255 1143 emendando
1285 1123 1418 1154 operam
1446 1123 1544 1144 nava-

75 1177 154 1206 rem,
177 1164 235 1196 hae
257 1163 418 1195 scribendi
441 1163 686 1205 opportunitate
710 1163 826 1201 oblata,
851 1173 893 1193 ex
915 1163 964 1196 iis,
999 1173 1079 1203 quae
1102 1163 1135 1193 in
1159 1163 1273 1193 studiis
1296 1163 1377 1193 meis
1399 1162 1544 1206 Aeschy-

72 1218 128 1249 lois
150 1225 233 1247 nova
255 1214 337 1244 mihi
359 1214 517 1255 reperisse
547 1213 693 1252 videbar,
730 1213 887 1244 nonnulla
916 1224 1069 1255 promere
1097 1212 1179 1243 nihil
1209 1213 1363 1244 dubitavi.
1429 1215 1544 1252 Quum

71 1273 180 1300 autem
202 1265 329 1296 animus
351 1264 459 1306 primo
483 1263 665 1294 inclinasset
688 1263 728 1294 ad
751 1263 873 1294 similes
897 1264 1050 1305 quasdam
1075 1264 1287 1304 quaestiones,
1311 1263 1422 1305 quales
1438 1274 1544 1306 nuper

69 1327 199 1351 summa
221 1321 253 1347 et
275 1315 422 1345 doctrina
444 1319 475 1345 et
498 1314 667 1355 sagacitate
691 1313 731 1345 dc
754 1313 904 1356 Aeschyli
928 1319 995 1344 arte
1021 1314 1183 1344 institutae
1206 1319 1291 1352 suut,
1320 1319 1432 1355 postca
1455 1315 1542 1346 veri-

71 1376 133 1409 tus,
156 1378 206 1407 ue,
229 1366 415 1408 quae'vires
441 1376 526 1396 meas
548 1370 751 1407 superarent,
775 1364 977 1405 aggrederer,
1001 1365 1034 1394 in
1054 1364 1142 1395 tenui
1161 1364 1270 1406 potius
1288 1364 1432 1405 singulos
1452 1364 1541 1397 locos

30 1435 34 1438 ·
69 1417 261 1452 emendandi
283 1416 390 1447 studio
413 1415 586 1446 consistere
610 1415 722 1445 malui.
767 1415 938 1446 Neminem
961 1415 1049 1445 enim
1073 1414 1158 1453 latet,
1182 1419 1265 1456 quot
1287 1415 1320 1445 in
1343 1414 1422 1445 loeis
1443 1416 1541 1447 etiam

70 1468 153 1502 riunc
175 1467 314 1510 genuina
335 1469 448 1508 po'etac
471 1477 585 1496 manus
609 1465 825 1500 desideretur,
865 1465 954 1506 quod
978 1476 1017 1496 ne
1041 1465 1090 1495 cui
1114 1470 1189 1507 post
1210 1465 1313 1495 trium
1337 1465 1540 1498 saeculorum

69 1531 158 1553 curas
179 1518 305 1548 mirum
328 1517 482 1555 videatur,
506 1516 653 1558 primum
677 1516 709 1545 in
733 1515 892 1557 Aeschylo
917 1515 1115 1546 emendando
1140 1515 1262 1545 multos
1285 1515 1464 1547 elaborasse
1487 1528 1539 1548 re-

71 1575 161 1615 putet
188 1567 314 1610 majore
342 1567 480 1603 audacia,
512 1577 609 1607 quam
640 1571 693 1596 aut
723 1566 867 1596 doctrina
896 1571 952 1596 aut
982 1566 1112 1607 ingenio
1135 1566 1318 1605 instructos,
1342 1576 1397 1596 cos
1419 1573 1540 1607 autem,

68 1622 125 1664 qui
145 1620 225 1651 bene
245 1618 284 1648 dc
305 1620 399 1660 po'eta
414 1622 616 1655 meruerunt,
641 1616 736 1647 etiam
762 1616 858 1658 plura
879 1616 1088 1647 restituturos
1111 1615 1222 1655 fuisse,
1245 1617 1306 1646 nisi
1329 1616 1453 1658 singula
1477 1629 1538 1659 po-

69 1673 132 1704 tius
161 1669 378 1705 delibasssent‚
409 1678 506 1708 quam
536 1672 656 1698 certain
686 1667 772 1697 viani
803 1671 898 1707 alque
921 1667 1081 1697 rationem
1110 1667 1239 1708 sequuti
1261 1672 1374 1698 essent.
1439 1668 1539 1710 Cogi-

68 1722 147 1755 tanti
169 1725 277 1752 autem
300 1717 392 1756 milii,
416 1718 533 1759 quibus
557 1717 647 1758 quasi
672 1716 890 1747 fundamentis
913 1716 945 1747 in
965 1716 1123 1759 Aeschylo
1149 1717 1258 1748 critice
1280 1718 1444 1748 tractando
1467 1730 1538 1750 ma-

69 1774 157 1805 xime
184 1770 245 1801 niti
275 1773 453 1811 oporteret,
483 1774 612 1809 praeter
641 1767 826 1797 communia
857 1772 888 1798 et
915 1772 990 1798 nota
1014 1773 1156 1808 quatuor
1183 1768 1393 1810 potissimum
1415 1779 1476 1809 res,
1500 1770 1539 1801 ab

66 1821 246 1856 editoribus
273 1819 373 1850 nimis
400 1817 574 1859 neglectae,
605 1817 789 1860 plurimum
819 1818 972 1859 ponderis
1003 1818 1036 1847 iu
1060 1818 1193 1859 singulis
1221 1818 1300 1849 loeis
1324 1818 1538 1861 dijudicandis

69 1873 184 1905 habere
207 1870 291 1902 visae
314 1874 403 1899 sunt:
428 1869 576 1899 codicum
601 1869 783 1907 auc-toritas,
805 1869 1037 1899 sententiarum
1062 1869 1093 1898 in
1117 1869 1245 1900 canticis
1269 1869 1359 1908 ordo,
1384 1871 1537 1913 proprie-

72 1931 116 1955 tas
144 1920 301 1954 sermonis
324 1919 504 1961 Aeschylei‚
528 1925 711 1950 metrorum
743 1919 828 1960 apud
852 1918 1049 1960 Aeschylum
1070 1919 1164 1950 ratio.
1231 1921 1426 1961 Quanquam
1450 1922 1537 1952 enim

72 1973 156 2006 haud
185 1981 306 2015 paucos
336 1970 434 2002 libros
464 1970 604 2001 editores
635 1969 847 2001 conferendos
877 1974 1038 2009 curarunt,
1072 1974 1199 2001 tantum
1234 1975 1342 2002 tamen
1371 1970 1471 2010 abest,
1501 1978 1538 2003 ut

1164 2024 1179 2052 1
